@book{buckley1985design,
  	title={Design of distillation column control systems},
  	author={Buckley, Page S and Luyben, William L and Shunta, Joseph P},
  	year={1985},
  	publisher={Instrument Society of America},
	pages={313}
}