
@book{smith_introduccion_2007,
	address = {México, D.F.},
	edition = {7},
	title = {Introducción a la termodinámica en ingeniería química},
	isbn = {978-970-10-6147-3},
	language = {Spanish},
	publisher = {McGraw-Hill Interamericana},
	author = {Smith, J.M. and Van Ness, H.C. and Abbott, Michael M.},
	translator = {Flores Rojas, Misael},
	year = {2007},
	note = {OCLC: 903115382}
}

@misc{noauthor_informegeneral_nodate,
	title = {{InformeGeneral} - 56\_12704\_acido-benzoico.pdf},
	url = {http://portalweb.ucatolica.edu.co/easyWeb2/files/56_12704_acido-benzoico.pdf},
	urldate = {2015-05-19TZ}
}

@incollection{marco_gratacos_capitulo_nodate,
	address = {España},
	title = {Capítulo 4 -   {Torres} de refrigeración y condensadores evaporativos},
	url = {https://www.msssi.gob.es/ciudadanos/saludAmbLaboral/agenBiologicos/pdfs/4_leg.pdf},
	language = {es-ES},
	urldate = {2017-10-19TZ},
	booktitle = {Guía técnica para la {Prevención} y {Control} de la {Legionelosis} en instalaciones},
	publisher = {Ministerio de Sanidad, Servicios Sociales e Igualdad},
	author = {Marcó Gratacós, Jordi and Martí Costa, Sergi and Martín Zorraquino, Juan Vicente and Pastor Pérez, Paulino and Rodríguez Tarodo, José Antonio}
}

@book{sweetman_martindale:_2007,
	address = {London},
	edition = {35},
	title = {Martindale: the complete drug reference},
	isbn = {978-0-85369-687-2},
	shorttitle = {Martindale},
	language = {eng},
	publisher = {Pharmaceutical Press},
	editor = {Sweetman, Sean C.},
	year = {2007},
	keywords = {Pharmacopoeias}
}

@misc{u.s._national_library_of_medicine_international_2013,
	title = {International {Committee} of {Medical} {Journal} {Editors} ({ICMJE}) {Recommendations} for the {Conduct}, {Reporting}, {Editing} and {Publication} of {Scholarly} {Work} in {Medical} {Journals}: {Sample} {References}},
	url = {http://www.nlm.nih.gov/bsd/uniform_requirements.html},
	language = {English},
	urldate = {2015-05-18TZ},
	author = {{U.S. National Library of Medicine}},
	month = aug,
	year = {2013}
}

@book{mcmurry_organic_2010,
	address = {Belmont, CA},
	edition = {7th enhanced ed},
	title = {Organic chemistry},
	isbn = {978-0-495-11258-7 0-495-11258-5 978-0-538-73395-3 0-538-73395-0 978-1-4390-4931-0 1-4390-4931-9},
	publisher = {Cengage Brooks/Cole},
	author = {McMurry, John},
	year = {2010},
	keywords = {Chemistry, Organic}
}

@misc{noauthor_acido_2017,
	title = {Ácido benzoico},
	copyright = {Creative Commons Attribution-ShareAlike License},
	url = {https://es.wikipedia.org/w/index.php?title=%C3%81cido_benzoico&oldid=98759788},
	abstract = {El ácido benzoico es un ácido carboxílico aromático que tiene un grupo carboxilo unido a un anillo fenílico. En condiciones normales se trata de un sólido incoloro con un ligero olor característico. Es poco soluble en agua fría pero tiene buena solubilidad en agua caliente o disolventes orgánicos.},
	language = {es},
	urldate = {2017-10-04TZ},
	journal = {Wikipedia, la enciclopedia libre},
	month = apr,
	year = {2017},
	note = {Page Version ID: 98759788}
}

@book{masters_spray_1991,
	address = {Burnt Mill, Harlow, Essex, England : New York},
	edition = {5th ed},
	title = {Spray drying handbook},
	isbn = {978-0-582-06266-5 978-0-470-21743-6},
	publisher = {Longman Scientific \& Technical ; Wiley},
	author = {Masters, K.},
	year = {1991},
	keywords = {Spray drying}
}

@article{chen_isobaric_1970,
	title = {Isobaric vapor-liquid equilibriums for the systems glycerol-water and glycerol-water saturated with sodium chloride},
	volume = {15},
	url = {http://pubs.acs.org/doi/pdf/10.1021/je60047a019},
	doi = {10.1021/je60047a019},
	language = {English},
	number = {4},
	urldate = {2017-08-16TZ},
	journal = {Journal of Chemical and Engineering Data},
	author = {Chen, David H. T. and Thompson, A. Ralph},
	year = {1970},
	pages = {471--474}
}

@book{wankat_ingenieriprocesos_2008,
	address = {México},
	edition = {2},
	title = {Ingeniería de procesos de separación},
	language = {es-ES},
	publisher = {Pearson Educación},
	author = {Wankat, Phillip C.},
	translator = {González y Pozo, Virgilio},
	year = {2008},
	note = {Trad. V. González}
}

@book{dutta_principles_2007,
	address = {New Delhi},
	title = {Principles of mass transfer and separation processes},
	isbn = {978-81-203-2990-4},
	language = {English},
	publisher = {PHI Learning},
	author = {Dutta, Binay K.},
	year = {2007},
	note = {OCLC: 936380616}
}

@misc{dwyer_instruments_air_nodate,
	title = {Air {Velocity} {Measurement}},
	url = {https://www.dwyer-inst.com/Products/AirVelocityIntroduction.cfm},
	urldate = {2017-06-06TZ},
	author = {{Dwyer Instruments}}
}

@misc{noauthor_karina_nodate,
	title = {Karina {Rodriguez} {Arce}},
	url = {https://www.facebook.com/photo.php?fbid=10202930335656981&set=a.1777587617073.52861.1760873079&type=3&theater},
	urldate = {2017-05-29TZ}
}

@misc{noauthor_destilacion_2017,
	title = {Destilación},
	copyright = {Creative Commons Attribution-ShareAlike License},
	url = {https://es.wikipedia.org/w/index.php?title=Destilaci%C3%B3n&oldid=99306793},
	abstract = {La destilación es el proceso de separar las distintas sustancias que componen una mezcla líquida mediante vaporización y condensación selectivas. Dichas sustancias, que pueden ser componentes líquidos, sólidos disueltos en líquidos o gases licuados, se separan aprovechando los diferentes puntos de ebullición de cada una de ellas, ya que el punto de ebullición es una propiedad intensiva de cada sustancia, es decir, no varía en función de la masa o el volumen, aunque sí en función de la presión.},
	language = {es},
	urldate = {2017-05-24TZ},
	journal = {Wikipedia, la enciclopedia libre},
	month = may,
	year = {2017},
	note = {Page Version ID: 99306793}
}

@book{sweetman_martindale:_2008,
	address = {Barcelona},
	edition = {3},
	title = {Martindale: guía completa de consulta farmacoterapéutica},
	isbn = {978-84-95993-20-5},
	shorttitle = {Martindale},
	language = {Spanish},
	publisher = {Pharma Editores},
	editor = {Sweetman, Sean C},
	year = {2008},
	note = {OCLC: 298951459}
}

@misc{noauthor_google_nodate,
	title = {Google {Calendar} - {Detalles} del evento},
	url = {https://calendar.google.com/calendar/render?tab=mc#eventpage_6},
	urldate = {2017-05-23TZ}
}

@misc{noauthor_using_nodate,
	title = {Using an {Arduino} and {Python} to {Plot}/save {Data} - {All}},
	url = {http://www.instructables.com/id/Using-an-Arduino-and-Python-to-plotsave-data/},
	abstract = {A quick and easy way to see (and then save) data taken using an Arduino onto your computer. (Note: not the most robust method, but it works well enough) Materials: - \&nbsp;Arduino (I\&rsquo;m using an Uno) - \&nbsp;Computer (I have a Dell, but it shouldn\&rsquo;t really matter if you are running Windows. Otherwise, you\&rsquo;ll need to make some minor edits to the Python code.) - \&nbsp;Python, including the matplotlib, pyserial, and numpy extensions \&nbsp; \&nbsp; \&nbsp; http://matplotlib.org/downloads.html (matplotlib) \&nbsp; \&nbsp; \&nbsp; https://pypi.python.org/pypi/pyserial (pyserial) \&nbsp; \&nbsp; \&nbsp; http://www.scipy.org/scipylib/download.html (numpy) - Some sort of sensor/input device (I\&rsquo;m using an ADXL335 accelerometer) - Wires/breadboard},
	urldate = {2017-03-24TZ},
	journal = {Instructables.com}
}

@misc{noauthor_como_nodate,
	title = {¿{Cómo} instalar {WordPress} con {LAMP} en {Ubuntu} 16.04?},
	url = {https://www.digitalocean.com/community/tutorials/como-instalar-wordpress-con-lamp-en-ubuntu-16-04-es},
	abstract = {WordPress es el CMS (Sistema de Gestión de Contenido) más popular en Internet. Te permite configurar sitios y blogs fácilmente sobre MySQL y PHP manejando el backend. Wordpress ha tenido amplia aceptación y es una buena opción para tener un sitio en l},
	urldate = {2017-03-01TZ},
	journal = {DigitalOcean}
}

@misc{noauthor_puits_solaire.jpg_nodate,
	title = {Puits\_Solaire.jpg ({JPEG} {Imagen}, 679 × 569 píxeles)},
	url = {https://upload.wikimedia.org/wikipedia/commons/9/91/Puits_Solaire.jpg},
	urldate = {2017-02-01TZ}
}

@book{wells_guerra_1973,
	address = {Madrid},
	title = {La guerra de los mundos},
	isbn = {978-84-7166-350-4},
	language = {Spanish},
	publisher = {EDAF},
	author = {Wells, H. G},
	translator = {Vacareza, Julio},
	year = {1973},
	note = {OCLC: 2939225}
}

@misc{guoan_how_2016,
	title = {How to {Integrate} {Collabora} {Online} {Server} with {Nextcloud} on {Ubuntu} 16.04},
	url = {https://www.linuxbabe.com/cloud-storage/integrate-collabora-online-server-nextcloud-ubuntu-16-04},
	abstract = {Collabora online is a LibreOffice-based online office suite. Let me show you how to put LibreOffice in the cloud step by step.},
	urldate = {2017-01-17TZ},
	journal = {LinuxBabe.Com},
	author = {Guoan, Xiao},
	month = nov,
	year = {2016}
}

@misc{noauthor_gmail_nodate,
	title = {Gmail},
	url = {https://mail.google.com/mail/u/0/#inbox/158cc86355bee868},
	urldate = {2016-12-05TZ}
}

@misc{hoffman_elements_2008,
	title = {Elements of {Integral} {Calculus} using {SAGE}},
	url = {http://verso.mat.uam.es/~pablo.angulo/laboratorio/hoffman-stein-calculus.pdf},
	urldate = {2016-11-28TZ},
	author = {Hoffman, Dale and Stein, William and Joyner, David},
	month = jun,
	year = {2008},
	keywords = {SAGE, Sagemath}
}

@misc{noauthor_factorial_nodate,
	title = {Factorial {Design} {\textbar} {R} {Tutorial}},
	url = {http://www.r-tutor.com/elementary-statistics/analysis-variance/factorial-design},
	urldate = {2016-11-07TZ}
}

@misc{noauthor_5.4.7.2._nodate,
	title = {5.4.7.2. {Fractional} factorial example},
	url = {http://www.itl.nist.gov/div898/handbook/pri/section4/pri472.htm},
	urldate = {2016-11-07TZ}
}

@misc{dr_nic_excel_2013,
	title = {Excel, {SPSS}, {Minitab} or {R}? {\textbar} {Learn} and {Teach} {Statistics} and {Operations} {Research}},
	url = {https://learnandteachstatistics.wordpress.com/2013/02/11/excel-spss-minitab-or-r/},
	language = {en},
	urldate = {2016-11-07TZ},
	journal = {Learn and Teach Statistics and Operations Research},
	author = {{Dr Nic}},
	month = feb,
	year = {2013}
}

@incollection{abulencia_index_2015,
	title = {Index},
	copyright = {Copyright © 2015 Scrivener Publishing LLC. All rights reserved.},
	isbn = {978-1-118-94608-4},
	url = {http://onlinelibrary.wiley.com/doi/10.1002/9781118946084.index/summary},
	language = {en},
	urldate = {2016-11-02TZ},
	booktitle = {Open-{Ended} {Problems}},
	publisher = {John Wiley \& Sons, Inc.},
	author = {Abulencia, J. Patrick and Theodore, Louis},
	year = {2015},
	pages = {575--585}
}

@incollection{abulencia_term_2015,
	title = {Term {Projects} (4): {Miscellaneous} {Topics}},
	copyright = {Copyright © 2015 Scrivener Publishing LLC. All rights reserved.},
	isbn = {978-1-118-94608-4},
	shorttitle = {Term {Projects} (4)},
	url = {http://onlinelibrary.wiley.com/doi/10.1002/9781118946084.ch34/summary},
	abstract = {This chapter contains sections titled:


*
Standardizing Project Management


*
Monte Carlo Simulation: Bus Section Failures in Electrostatic Precipitators


*
Hurricane and Flooding Concerns


*
Meteorites


*
Index},
	language = {en},
	urldate = {2016-11-02TZ},
	booktitle = {Open-{Ended} {Problems}},
	publisher = {John Wiley \& Sons, Inc.},
	author = {Abulencia, J. Patrick and Theodore, Louis},
	year = {2015},
	keywords = {Monte Carlo simulation, electrostatic precipitators, flooding, hurricane, project management},
	pages = {567--573}
}

@incollection{abulencia_term_2015-1,
	title = {Term {Projects} (4): {Plant} {Design}},
	copyright = {Copyright © 2015 Scrivener Publishing LLC. All rights reserved.},
	isbn = {978-1-118-94608-4},
	shorttitle = {Term {Projects} (4)},
	url = {http://onlinelibrary.wiley.com/doi/10.1002/9781118946084.ch30/summary},
	abstract = {This chapter contains sections titled:


*
Chemical Plant Shipping Facilities


*
Plant Tank Farms


*
Chemical Plant Storage Requirements


*
Inside Battery Limits (ISBL) and Process Flow Approach},
	language = {en},
	urldate = {2016-11-02TZ},
	booktitle = {Open-{Ended} {Problems}},
	publisher = {John Wiley \& Sons, Inc.},
	author = {Abulencia, J. Patrick and Theodore, Louis},
	year = {2015},
	keywords = {chemical plant shipping facilities, inside battery limits, plant design, plant tank farms, storage requirements},
	pages = {533--541}
}

@incollection{abulencia_term_2015-2,
	title = {Term {Projects} (2): {Chemical} {Reactors}},
	copyright = {Copyright © 2015 Scrivener Publishing LLC. All rights reserved.},
	isbn = {978-1-118-94608-4},
	shorttitle = {Term {Projects} (2)},
	url = {http://onlinelibrary.wiley.com/doi/10.1002/9781118946084.ch29/summary},
	abstract = {This chapter contains sections titled:


*
Minimizing Volume Requirements for CSTRs in Series I


*
Minimizing Volume Requirements for CSTRs in Series II},
	language = {en},
	urldate = {2016-11-02TZ},
	booktitle = {Open-{Ended} {Problems}},
	publisher = {John Wiley \& Sons, Inc.},
	author = {Abulencia, J. Patrick and Theodore, Louis},
	year = {2015},
	keywords = {Arrhenius equations coefficients, chemical reactors, continuous stirred tank reactors, equimolar concentrations, volume requirement minimization},
	pages = {529--532}
}

@incollection{abulencia_term_2015-3,
	title = {Term {Projects} (6): {Fluid} {Flow}},
	copyright = {Copyright © 2015 Scrivener Publishing LLC. All rights reserved.},
	isbn = {978-1-118-94608-4},
	shorttitle = {Term {Projects} (6)},
	url = {http://onlinelibrary.wiley.com/doi/10.1002/9781118946084.ch26/summary},
	abstract = {This chapter contains sections titled:


*
Pressure Drop – Velocity – Mesh Size Correlation


*
Fanning's Friction Factor: Equation Form


*
An Improved Pressure Drop and Flooding Correlation


*
Ventilation Model I


*
Ventilation Model II


*
Two – Phase Flow},
	language = {en},
	urldate = {2016-11-02TZ},
	booktitle = {Open-{Ended} {Problems}},
	publisher = {John Wiley \& Sons, Inc.},
	author = {Abulencia, J. Patrick and Theodore, Louis},
	year = {2015},
	keywords = {Fanning's friction factor, flooding correlation, fluid flow, mesh size correlation, pressure drop},
	pages = {499--508}
}

@incollection{abulencia_term_2015-4,
	title = {Term {Projects} (2): {Thermodynamics}},
	copyright = {Copyright © 2015 Scrivener Publishing LLC. All rights reserved.},
	isbn = {978-1-118-94608-4},
	shorttitle = {Term {Projects} (2)},
	url = {http://onlinelibrary.wiley.com/doi/10.1002/9781118946084.ch25/summary},
	abstract = {This chapter contains sections titled:


*
Estimating Combustion Temperatures


*
Generating Entropy Data},
	language = {en},
	urldate = {2016-11-02TZ},
	booktitle = {Open-{Ended} {Problems}},
	publisher = {John Wiley \& Sons, Inc.},
	author = {Abulencia, J. Patrick and Theodore, Louis},
	year = {2015},
	keywords = {combustion temperatures, entropy data, heat theorem, hydrocarbons, thermodynamics},
	pages = {495--498}
}

@incollection{abulencia_term_2015-5,
	title = {Term {Projects} (2): {Stoichiometry}},
	copyright = {Copyright © 2015 Scrivener Publishing LLC. All rights reserved.},
	isbn = {978-1-118-94608-4},
	shorttitle = {Term {Projects} (2)},
	url = {http://onlinelibrary.wiley.com/doi/10.1002/9781118946084.ch24/summary},
	abstract = {This chapter contains sections titled:


*
Term Project 24.1


*
Chemical Plant Solid Waste},
	language = {en},
	urldate = {2016-11-02TZ},
	booktitle = {Open-{Ended} {Problems}},
	publisher = {John Wiley \& Sons, Inc.},
	author = {Abulencia, J. Patrick and Theodore, Louis},
	year = {2015},
	keywords = {chemical plant solid waste, equilibrium vapor pressure, free surface energy, stoichiometry, vapor pressure equation},
	pages = {489--494}
}

@incollection{abulencia_term_2015-6,
	title = {Term {Projects}},
	copyright = {Copyright © 2015 Scrivener Publishing LLC. All rights reserved.},
	isbn = {978-1-118-94608-4},
	url = {http://onlinelibrary.wiley.com/doi/10.1002/9781118946084.part3/summary},
	language = {en},
	urldate = {2016-11-02TZ},
	booktitle = {Open-{Ended} {Problems}},
	publisher = {John Wiley \& Sons, Inc.},
	author = {Abulencia, J. Patrick and Theodore, Louis},
	year = {2015},
	pages = {483--483}
}

@incollection{abulencia_nanotechnology_2015,
	title = {Nanotechnology},
	copyright = {Copyright © 2015 Scrivener Publishing LLC. All rights reserved.},
	isbn = {978-1-118-94608-4},
	url = {http://onlinelibrary.wiley.com/doi/10.1002/9781118946084.ch20/summary},
	abstract = {This chapter contains sections titled:


*
Overview


*
Early History


*
Fundamentals and Basic Principles


*
Nanomaterials


*
Production Methods


*
Current Applications


*
Environmental Concerns


*
Future Prospects


*
Illustrative Open-Ended Problems


*
Open-Ended Problems},
	language = {en},
	urldate = {2016-11-02TZ},
	booktitle = {Open-{Ended} {Problems}},
	publisher = {John Wiley \& Sons, Inc.},
	author = {Abulencia, J. Patrick and Theodore, Louis},
	year = {2015},
	keywords = {chemical vapor deposition, electrodeposition, mechanical crushing, nanomaterials, nanotechnology},
	pages = {427--444}
}

@incollection{abulencia_water_2015,
	title = {Water {Management}},
	copyright = {Copyright © 2015 Scrivener Publishing LLC. All rights reserved.},
	isbn = {978-1-118-94608-4},
	url = {http://onlinelibrary.wiley.com/doi/10.1002/9781118946084.ch17/summary},
	abstract = {This chapter contains sections titled:


*
Overview


*
Water as a Commodity and as a Human Right


*
The Hydrologic Cycle


*
Water Usage


*
Regulatory Status


*
Acid Rain


*
Treatment Processes


*
Future Concerns


*
Illustrative Open-Ended Problems


*
Open-Ended Problems},
	language = {en},
	urldate = {2016-11-02TZ},
	booktitle = {Open-{Ended} {Problems}},
	publisher = {John Wiley \& Sons, Inc.},
	author = {Abulencia, J. Patrick and Theodore, Louis},
	year = {2015},
	keywords = {human right, hydrologic cycle, safe drinking water act, water management, water usage},
	pages = {363--382}
}

@incollection{abulencia_environmental_2015,
	title = {Environmental {Management}},
	copyright = {Copyright © 2015 Scrivener Publishing LLC. All rights reserved.},
	isbn = {978-1-118-94608-4},
	url = {http://onlinelibrary.wiley.com/doi/10.1002/9781118946084.ch14/summary},
	abstract = {This chapter contains sections titled:


*
Overview


*
Environmental Regulations


*
Classification, Sources, and Effects of Pollutants


*
Multimedia Concerns


*
ISO 14000


*
The Pollution Prevention Concept


*
Green Chemistry and Green Engineering


*
Sustainability


*
Illustrative Open-Ended Problems


*
Open-Ended Problems},
	language = {en},
	urldate = {2016-11-02TZ},
	booktitle = {Open-{Ended} {Problems}},
	publisher = {John Wiley \& Sons, Inc.},
	author = {Abulencia, J. Patrick and Theodore, Louis},
	year = {2015},
	keywords = {environmental management, environmental regulations, green engineering, pollutant effects, pollution prevention},
	pages = {293--316}
}

@incollection{abulencia_transport_2015,
	title = {Transport {Phenomena}},
	copyright = {Copyright © 2015 Scrivener Publishing LLC. All rights reserved.},
	isbn = {978-1-118-94608-4},
	url = {http://onlinelibrary.wiley.com/doi/10.1002/9781118946084.ch12/summary},
	abstract = {This chapter contains sections titled:


*
Overview


*
Development of Equations


*
The Transport Equations


*
Boundary and Initial Conditions


*
Solution of Equations


*
Analogies


*
Illustrative Open-Ended Problems


*
Open-Ended Problems},
	language = {en},
	urldate = {2016-11-02TZ},
	booktitle = {Open-{Ended} {Problems}},
	publisher = {John Wiley \& Sons, Inc.},
	author = {Abulencia, J. Patrick and Theodore, Louis},
	year = {2015},
	keywords = {boundary condition, initial condition, molecular diffusion, radiative transfer, transport equations},
	pages = {253--267}
}

@incollection{abulencia_plant_2015,
	title = {Plant {Design}},
	copyright = {Copyright © 2015 Scrivener Publishing LLC. All rights reserved.},
	isbn = {978-1-118-94608-4},
	url = {http://onlinelibrary.wiley.com/doi/10.1002/9781118946084.ch11/summary},
	abstract = {This chapter contains sections titled:


*
Overview


*
Preliminary Studies


*
Process Schematics


*
Material and Energy Balances


*
Equipment Design


*
Instrumentation and Controls


*
Design Approach


*
The Design Report


*
Illustrative Open-Ended Problems


*
Open-Ended Problems},
	language = {en},
	urldate = {2016-11-02TZ},
	booktitle = {Open-{Ended} {Problems}},
	publisher = {John Wiley \& Sons, Inc.},
	author = {Abulencia, J. Patrick and Theodore, Louis},
	year = {2015},
	keywords = {design report, energy balances, equipment design, plant design, process schematics},
	pages = {233--251}
}

@incollection{abulencia_economics_2015,
	title = {Economics and {Finance}},
	copyright = {Copyright © 2015 Scrivener Publishing LLC. All rights reserved.},
	isbn = {978-1-118-94608-4},
	url = {http://onlinelibrary.wiley.com/doi/10.1002/9781118946084.ch10/summary},
	abstract = {This chapter contains sections titled:


*
Overview


*
Capital Costs


*
Operating Costs


*
Project Evaluation


*
Perturbation Studies in Optimization


*
Principles of Accounting


*
Illustrative Open-Ended Problems


*
Open-Ended Problems},
	language = {en},
	urldate = {2016-11-02TZ},
	booktitle = {Open-{Ended} {Problems}},
	publisher = {John Wiley \& Sons, Inc.},
	author = {Abulencia, J. Patrick and Theodore, Louis},
	year = {2015},
	keywords = {accounting principles, capital costs, operating costs, perturbation studies, project evaluation},
	pages = {213--231}
}

@incollection{abulencia_process_2015,
	title = {Process {Control} and {Instrumentation}},
	copyright = {Copyright © 2015 Scrivener Publishing LLC. All rights reserved.},
	isbn = {978-1-118-94608-4},
	url = {http://onlinelibrary.wiley.com/doi/10.1002/9781118946084.ch9/summary},
	abstract = {This chapter contains sections titled:


*
Overview


*
Process Control Fundamentals


*
Feedback Control


*
Feedforward Control


*
Cascade Control


*
Alarms and Trips


*
Illustrative Open-Ended Problems


*
Open-Ended Problems},
	language = {en},
	urldate = {2016-11-02TZ},
	booktitle = {Open-{Ended} {Problems}},
	publisher = {John Wiley \& Sons, Inc.},
	author = {Abulencia, J. Patrick and Theodore, Louis},
	year = {2015},
	keywords = {cascade control, feedback control, feedforward control, instrumentation, process control},
	pages = {197--212}
}

@incollection{abulencia_stoichiometry_2015,
	title = {Stoichiometry},
	copyright = {Copyright © 2015 Scrivener Publishing LLC. All rights reserved.},
	isbn = {978-1-118-94608-4},
	url = {http://onlinelibrary.wiley.com/doi/10.1002/9781118946084.ch3/summary},
	abstract = {This chapter contains sections titled:


*
Overview


*
The Conservation Law


*
Conservation of Mass, Energy, and Momentum


*
Stoichiometry


*
Illustrative Open-Ended Problems


*
Open-Ended Problems},
	language = {en},
	urldate = {2016-11-02TZ},
	booktitle = {Open-{Ended} {Problems}},
	publisher = {John Wiley \& Sons, Inc.},
	author = {Abulencia, J. Patrick and Theodore, Louis},
	year = {2015},
	keywords = {conservation law, finite element analysis, mass-energy interchange, stoichiometry, transport phenomena},
	pages = {59--77}
}
@incollection{abulencia_materials_2015,
	title = {Materials {Science} and {Engineering}},
	copyright = {Copyright © 2015 Scrivener Publishing LLC. All rights reserved.},
	isbn = {978-1-118-94608-4},
	url = {http://onlinelibrary.wiley.com/doi/10.1002/9781118946084.ch1/summary},
	abstract = {This chapter contains sections titled:


*
Overview


*
Crystallography of Perfect Crystals (CPC)


*
Crystallography of Real Crystals (CRC)


*
Materials of Construction


*
Resistivity


*
Semiconductors


*
Illustrative Open-Ended Problems


*
Open-Ended Problems},
	language = {en},
	urldate = {2016-11-02TZ},
	booktitle = {Open-{Ended} {Problems}},
	publisher = {John Wiley \& Sons, Inc.},
	author = {Abulencia, J. Patrick and Theodore, Louis},
	year = {2015},
	keywords = {crystallography, ionic unit cells, metallic unit cells, perfect crystals, real crystals},
	pages = {15--38}
}

@incollection{abulencia_front_2015,
	title = {Front {Matter}},
	copyright = {Copyright © 2015 Scrivener Publishing LLC. All rights reserved.},
	isbn = {978-1-118-94608-4},
	url = {http://onlinelibrary.wiley.com/doi/10.1002/9781118946084.fmatter/summary},
	abstract = {The prelims comprise:


*
Half Title


*
Title


*
Copyright


*
Dedication


*
Contents


*
Preface


*
Acknowledgements},
	language = {en},
	urldate = {2016-11-02TZ},
	booktitle = {Open-{Ended} {Problems}},
	publisher = {John Wiley \& Sons, Inc.},
	author = {Abulencia, J. Patrick and Theodore, Louis},
	year = {2015},
	pages = {i--xxi}
}

@incollection{abulencia_term_2015,
	title = {Term {Projects} (3): {Unit} {Operations} {Laboratory} {Design} {Projects}},
	copyright = {Copyright © 2015 Scrivener Publishing LLC. All rights reserved.},
	isbn = {978-1-118-94608-4},
	shorttitle = {Term {Projects} (3)},
	url = {http://onlinelibrary.wiley.com/doi/10.1002/9781118946084.ch33/summary},
	abstract = {This chapter contains sections titled:


*
Hand Pump


*
Rooftop Garden Bed


*
Hydration Station Counter},
	language = {en},
	urldate = {2016-11-02TZ},
	booktitle = {Open-{Ended} {Problems}},
	publisher = {John Wiley \& Sons, Inc.},
	author = {Abulencia, J. Patrick and Theodore, Louis},
	year = {2015},
	keywords = {hand pump, hydration station counter, rooftop garden bed, unit operations laboratory design, water consumption},
	pages = {561--566}
}

@incollection{abulencia_term_2015-1,
	title = {Term {Projects} (4): {Health} and {Hazard} {Risk} {Assessment}},
	copyright = {Copyright © 2015 Scrivener Publishing LLC. All rights reserved.},
	isbn = {978-1-118-94608-4},
	shorttitle = {Term {Projects} (4)},
	url = {http://onlinelibrary.wiley.com/doi/10.1002/9781118946084.ch32/summary},
	abstract = {This chapter contains sections titled:


*
Nuclear Waste Management


*
An Improved Risk Management Program


*
Bridge Rail Accident: Fault and Event Tree Analysis


*
HAZOP: Tank Car Loading Facility},
	language = {en},
	urldate = {2016-11-02TZ},
	booktitle = {Open-{Ended} {Problems}},
	publisher = {John Wiley \& Sons, Inc.},
	author = {Abulencia, J. Patrick and Theodore, Louis},
	year = {2015},
	keywords = {bridge rail accident, event tree analysis, hazard risk assessment, health risk assessment, nuclear waste management},
	pages = {553--560}
}

@incollection{abulencia_term_2015-2,
	title = {Term {Projects} (4): {Environmental} {Management}},
	copyright = {Copyright © 2015 Scrivener Publishing LLC. All rights reserved.},
	isbn = {978-1-118-94608-4},
	shorttitle = {Term {Projects} (4)},
	url = {http://onlinelibrary.wiley.com/doi/10.1002/9781118946084.ch31/summary},
	abstract = {This chapter contains sections titled:


*
Dissolve The USEPA


*
Solving your Town's Sludge Problem


*
Benzene Underground Storage Tank Leak


*
An Improved MSDS Sheet},
	language = {en},
	urldate = {2016-11-02TZ},
	booktitle = {Open-{Ended} {Problems}},
	publisher = {John Wiley \& Sons, Inc.},
	author = {Abulencia, J. Patrick and Theodore, Louis},
	year = {2015},
	keywords = {benzene underground storage tank, environmental management, landfilling, sludge, tank leak},
	pages = {543--552}
}

@incollection{abulencia_term_2015-3,
	title = {Term {Projects} (5): {Mass} {Transfer} {Operations}},
	copyright = {Copyright © 2015 Scrivener Publishing LLC. All rights reserved.},
	isbn = {978-1-118-94608-4},
	shorttitle = {Term {Projects} (5)},
	url = {http://onlinelibrary.wiley.com/doi/10.1002/9781118946084.ch28/summary},
	abstract = {This chapter contains sections titled:


*
An Improved Absorber Design Procedure


*
An Improved Adsorber Design Procedure


*
Multicomponent Distillation Calculations


*
A New Liquid-Liquid Extraction Process


*
Designing and Predicting the Performance of Cooling Towers},
	language = {en},
	urldate = {2016-11-02TZ},
	booktitle = {Open-{Ended} {Problems}},
	publisher = {John Wiley \& Sons, Inc.},
	author = {Abulencia, J. Patrick and Theodore, Louis},
	year = {2015},
	keywords = {cooling tower performance, liquid-liquid extraction, mass transfer, multicomponent distillation},
	pages = {517--527}
}

@incollection{abulencia_term_2015-4,
	title = {Term {Projects} (4): {Heat} {Transfer}},
	copyright = {Copyright © 2015 Scrivener Publishing LLC. All rights reserved.},
	isbn = {978-1-118-94608-4},
	shorttitle = {Term {Projects} (4)},
	url = {http://onlinelibrary.wiley.com/doi/10.1002/9781118946084.ch27/summary},
	abstract = {This chapter contains sections titled:


*
Wilson's Method


*
Heat Exchanger Network I


*
Heat Exchanger Network II


*
Heat Exchanger Network III},
	language = {en},
	urldate = {2016-11-02TZ},
	booktitle = {Open-{Ended} {Problems}},
	publisher = {John Wiley \& Sons, Inc.},
	author = {Abulencia, J. Patrick and Theodore, Louis},
	year = {2015},
	keywords = {Wilson's method, heat transfer, interconnected heat exchangers, temperature crossovers, thermodynamics},
	pages = {509--515}
}

@incollection{abulencia_term_2015-5,
	title = {Term {Projects} (2): {Applied} {Mathematics}},
	copyright = {Copyright © 2015 Scrivener Publishing LLC. All rights reserved.},
	isbn = {978-1-118-94608-4},
	shorttitle = {Term {Projects} (2)},
	url = {http://onlinelibrary.wiley.com/doi/10.1002/9781118946084.ch23/summary},
	abstract = {This chapter contains sections titled:


*
Term Project 23.1


*
Term Project 23.2},
	language = {en},
	urldate = {2016-11-02TZ},
	booktitle = {Open-{Ended} {Problems}},
	publisher = {John Wiley \& Sons, Inc.},
	author = {Abulencia, J. Patrick and Theodore, Louis},
	year = {2015},
	keywords = {applied mathematics, differential equations, partial differential equations, waste quantity reduction, weighted sum method},
	pages = {485--488}
}

@incollection{abulencia_ethics_2015,
	title = {Ethics},
	copyright = {Copyright © 2015 Scrivener Publishing LLC. All rights reserved.},
	isbn = {978-1-118-94608-4},
	url = {http://onlinelibrary.wiley.com/doi/10.1002/9781118946084.ch22/summary},
	abstract = {This chapter contains sections titled:


*
Overview


*
The Present State


*
Moral Issues


*
Engineering Ethics


*
Environmental Justice


*
Illustrative Open-Ended Problems


*
Open-Ended Problems


*
Part III: Term Projects},
	language = {en},
	urldate = {2016-11-02TZ},
	booktitle = {Open-{Ended} {Problems}},
	publisher = {John Wiley \& Sons, Inc.},
	author = {Abulencia, J. Patrick and Theodore, Louis},
	year = {2015},
	keywords = {duties ethics, engineering ethics, environmental justice, moral issues, utilitarianism},
	pages = {463--481}
}

@incollection{abulencia_legal_2015,
	title = {Legal {Considerations}},
	copyright = {Copyright © 2015 Scrivener Publishing LLC. All rights reserved.},
	isbn = {978-1-118-94608-4},
	url = {http://onlinelibrary.wiley.com/doi/10.1002/9781118946084.ch21/summary},
	abstract = {This chapter contains sections titled:


*
Overview


*
Intellectual Property Law


*
Contract Law


*
Tort Law


*
Patents


*
Infringement and Interferences


*
Copyrights


*
Trademarks


*
The Engineering Professional Licensing Process


*
Illustrative Open-Ended Problems


*
Open-Ended Problems},
	language = {en},
	urldate = {2016-11-02TZ},
	booktitle = {Open-{Ended} {Problems}},
	publisher = {John Wiley \& Sons, Inc.},
	author = {Abulencia, J. Patrick and Theodore, Louis},
	year = {2015},
	keywords = {contract law, copyrights, infringement, intellectual property law, patents},
	pages = {445--461}
}

@incollection{abulencia_probability_2015,
	title = {Probability and {Statistics}},
	copyright = {Copyright © 2015 Scrivener Publishing LLC. All rights reserved.},
	isbn = {978-1-118-94608-4},
	url = {http://onlinelibrary.wiley.com/doi/10.1002/9781118946084.ch19/summary},
	abstract = {This chapter contains sections titled:


*
Overview


*
Probability Definitions and Interpretations


*
Introduction to Probability Distributions


*
Discrete and Continuous Probability Distributions


*
Contemporary Statistics


*
Regression Analysis (3)


*
Analysis of Variance


*
Illustrative Open-Ended Problems


*
Open-Ended Problems},
	language = {en},
	urldate = {2016-11-02TZ},
	booktitle = {Open-{Ended} {Problems}},
	publisher = {John Wiley \& Sons, Inc.},
	author = {Abulencia, J. Patrick and Theodore, Louis},
	year = {2015},
	keywords = {analysis of variance, continuous probability distributions, discrete probability distributions, probability distributions, regression analysis},
	pages = {405--425}
}

@incollection{abulencia_energy_2015,
	title = {Energy {Management}},
	copyright = {Copyright © 2015 Scrivener Publishing LLC. All rights reserved.},
	isbn = {978-1-118-94608-4},
	url = {http://onlinelibrary.wiley.com/doi/10.1002/9781118946084.ch16/summary},
	abstract = {This chapter contains sections titled:


*
Overview


*
Energy Resources


*
Energy Quantity/Availability


*
General Conservation Practices in Industry


*
General Domestic Conservation Applications


*
General Commercial Real Estate Conservation Applications


*
Architecture and the Role of Urban Planning


*
The U.S. Energy Policy/Independence


*
Illustrative Open-Ended Problems


*
Open-Ended Problems},
	language = {en},
	urldate = {2016-11-02TZ},
	booktitle = {Open-{Ended} {Problems}},
	publisher = {John Wiley \& Sons, Inc.},
	author = {Abulencia, J. Patrick and Theodore, Louis},
	year = {2015},
	keywords = {energy availability, energy conservation, energy management, energy resources, urban planning},
	pages = {343--361}
}

@incollection{abulencia_environmental_2015,
	title = {Environmental {Health} and {Hazard} {Risk} {Assessment}},
	copyright = {Copyright © 2015 Scrivener Publishing LLC. All rights reserved.},
	isbn = {978-1-118-94608-4},
	url = {http://onlinelibrary.wiley.com/doi/10.1002/9781118946084.ch15/summary},
	abstract = {This chapter contains sections titled:


*
Overview


*
Safety and Accidents


*
Regulations


*
Emergency Planning and Response


*
Introduction to Environmental Risk Assessment


*
Health Risk Assessment


*
Hazard Risk Assessment


*
Illustrative Open-Ended Problems


*
Open-Ended Problems},
	language = {en},
	urldate = {2016-11-02TZ},
	booktitle = {Open-{Ended} {Problems}},
	publisher = {John Wiley \& Sons, Inc.},
	author = {Abulencia, J. Patrick and Theodore, Louis},
	year = {2015},
	keywords = {emergency planning, environmental regulations, environmental risk assessment, hazard risk assessment, health risk assessment},
	pages = {317--342}
}

@incollection{abulencia_project_2015,
	title = {Project {Management}},
	copyright = {Copyright © 2015 Scrivener Publishing LLC. All rights reserved.},
	isbn = {978-1-118-94608-4},
	url = {http://onlinelibrary.wiley.com/doi/10.1002/9781118946084.ch13/summary},
	abstract = {This chapter contains sections titled:


*
Overview


*
Managing Project Activities


*
Initiating


*
Planning/Scheduling


*
Gantt Charts


*
Executing/Implementing


*
Monitoring/Controlling


*
Completion/Closing


*
Reports


*
Illustrative Open-Ended Problems


*
Open-Ended Problems},
	language = {en},
	urldate = {2016-11-02TZ},
	booktitle = {Open-{Ended} {Problems}},
	publisher = {John Wiley \& Sons, Inc.},
	author = {Abulencia, J. Patrick and Theodore, Louis},
	year = {2015},
	keywords = {Gantt charts, project activities, project completion, project management, report preparation},
	pages = {269--291}
}

@incollection{abulencia_chemical_2015,
	title = {Chemical {Reactors}},
	copyright = {Copyright © 2015 Scrivener Publishing LLC. All rights reserved.},
	isbn = {978-1-118-94608-4},
	url = {http://onlinelibrary.wiley.com/doi/10.1002/9781118946084.ch8/summary},
	abstract = {This chapter contains sections titled:


*
Overview


*
Chemical Kinetics


*
Batch Reactors


*
Continuous Stirred Tank Reactors (CSTRs)


*
Tubular Flow Reactors


*
Catalytic Reactors


*
Thermal Effects


*
Illustrative Open-Ended Problems


*
Open-Ended Problems},
	language = {en},
	urldate = {2016-11-02TZ},
	booktitle = {Open-{Ended} {Problems}},
	publisher = {John Wiley \& Sons, Inc.},
	author = {Abulencia, J. Patrick and Theodore, Louis},
	year = {2015},
	keywords = {chemical kinetics, chemical reactors, continuous stirred tank reactors, thermal effects, tubular flow reactors},
	pages = {169--196}
}

@incollection{abulencia_mass_2015,
	title = {Mass {Transfer} {Operations}},
	copyright = {Copyright © 2015 Scrivener Publishing LLC. All rights reserved.},
	isbn = {978-1-118-94608-4},
	url = {http://onlinelibrary.wiley.com/doi/10.1002/9781118946084.ch7/summary},
	abstract = {This chapter contains sections titled:


*
Overview


*
Absorption


*
Adsorption


*
Distillation


*
Other Mass Transfer Processes


*
Illustrative Open-Ended Problems


*
Open-Ended Problems},
	language = {en},
	urldate = {2016-11-02TZ},
	booktitle = {Open-{Ended} {Problems}},
	publisher = {John Wiley \& Sons, Inc.},
	author = {Abulencia, J. Patrick and Theodore, Louis},
	year = {2015},
	keywords = {adsorption design, distillation, mass transfer, packing height, plate columns},
	pages = {141--167}
}

@incollection{abulencia_heat_2015,
	title = {Heat {Transfer}},
	copyright = {Copyright © 2015 Scrivener Publishing LLC. All rights reserved.},
	isbn = {978-1-118-94608-4},
	url = {http://onlinelibrary.wiley.com/doi/10.1002/9781118946084.ch6/summary},
	abstract = {This chapter contains sections titled:


*
Overview


*
Conduction


*
Convection


*
Radiation


*
Condensation, Boiling, Refrigeration, and Cryogenics


*
Heat Exchangers


*
Illustrative Open-Ended Problems


*
Open-Ended Problems},
	language = {en},
	urldate = {2016-11-02TZ},
	booktitle = {Open-{Ended} {Problems}},
	publisher = {John Wiley \& Sons, Inc.},
	author = {Abulencia, J. Patrick and Theodore, Louis},
	year = {2015},
	keywords = {condensation, conduction, convection, heat exchangers, heat transfer},
	pages = {119--139}
}

@incollection{abulencia_fluid_2015,
	title = {Fluid {Flow}},
	copyright = {Copyright © 2015 Scrivener Publishing LLC. All rights reserved.},
	isbn = {978-1-118-94608-4},
	url = {http://onlinelibrary.wiley.com/doi/10.1002/9781118946084.ch5/summary},
	abstract = {This chapter contains sections titled:


*
Overview


*
Basic Laws


*
Key Fluid Flow Equations


*
Fluid-Particle Applications


*
Illustrative Open-Ended Problems


*
Open-Ended Problems},
	language = {en},
	urldate = {2016-11-02TZ},
	booktitle = {Open-{Ended} {Problems}},
	publisher = {John Wiley \& Sons, Inc.},
	author = {Abulencia, J. Patrick and Theodore, Louis},
	year = {2015},
	keywords = {Reynolds number, fluid flow, fluidization, mechanical energy equation, turbulent flow},
	pages = {99--118}
}

@incollection{abulencia_thermodynamics_2015,
	title = {Thermodynamics},
	copyright = {Copyright © 2015 Scrivener Publishing LLC. All rights reserved.},
	isbn = {978-1-118-94608-4},
	url = {http://onlinelibrary.wiley.com/doi/10.1002/9781118946084.ch4/summary},
	abstract = {This chapter contains sections titled:


*
Overview


*
Enthalpy Effects


*
Second Law Calculations


*
Phase Equilibrium


*
Chemical Reaction Equilibrium


*
Illustrative Open-Ended Problems


*
Open-Ended Problems},
	language = {en},
	urldate = {2016-11-02TZ},
	booktitle = {Open-{Ended} {Problems}},
	publisher = {John Wiley \& Sons, Inc.},
	author = {Abulencia, J. Patrick and Theodore, Louis},
	year = {2015},
	keywords = {chemical reaction enthalpy effects, enthalpy effects, phase equilibrium, sensible enthalpy effects, thermodynamics},
	pages = {79--97}
}

@incollection{abulencia_chemical_2015-1,
	title = {Chemical {Engineering} {Topics}},
	copyright = {Copyright © 2015 Scrivener Publishing LLC. All rights reserved.},
	isbn = {978-1-118-94608-4},
	url = {http://onlinelibrary.wiley.com/doi/10.1002/9781118946084.part2/summary},
	language = {en},
	urldate = {2016-11-02TZ},
	booktitle = {Open-{Ended} {Problems}},
	publisher = {John Wiley \& Sons, Inc.},
	author = {Abulencia, J. Patrick and Theodore, Louis},
	year = {2015},
	pages = {13--14}
}

@incollection{abulencia_introduction_2015,
	title = {Introduction to the {Open}-{Ended} {Problem} {Approach}},
	copyright = {Copyright © 2015 Scrivener Publishing LLC. All rights reserved.},
	isbn = {978-1-118-94608-4},
	url = {http://onlinelibrary.wiley.com/doi/10.1002/9781118946084.part1/summary},
	language = {en},
	urldate = {2016-11-02TZ},
	booktitle = {Open-{Ended} {Problems}},
	publisher = {John Wiley \& Sons, Inc.},
	author = {Abulencia, J. Patrick and Theodore, Louis},
	year = {2015},
	pages = {1--12}
}

@book{abulencia_open-ended_2015,
	address = {Salem, Massachusetts : Hoboken, New Jersey},
	title = {Open-ended problems: a future chemical engineering education approach},
	isbn = {978-1-118-94604-6},
	shorttitle = {Open-ended problems},
	publisher = {Scrivener Publishing; Wiley},
	author = {Abulencia, J. Patrick and Theodore, Louis},
	year = {2015},
	keywords = {Chemical engineering}
}

@misc{noauthor_defining_nodate,
	title = {Defining {Background} {Jobs} — {Nextcloud} 10 {Server} {Administration} {Manual} 10 documentation},
	url = {https://docs.nextcloud.com/server/10/admin_manual/configuration_server/background_jobs_configuration.html},
	urldate = {2016-11-01TZ}
}

@misc{noauthor_sign_nodate,
	title = {Sign in},
	url = {https://cad.onshape.com/signin},
	urldate = {2016-10-31TZ}
}

@misc{noauthor_my_nodate,
	title = {My recent designs},
	url = {https://www.tinkercad.com/},
	urldate = {2016-10-31TZ},
	journal = {Tinkercad}
}

@misc{noauthor_3030_nodate,
	title = {3030},
	url = {http://www.lamtechnologies.com/Product.aspx?lng=EN&idp=CNV3030}
}

@misc{noauthor_isolated_nodate,
	title = {Isolated {USB} to {Serial} {Converters} {\textbar} {DIN} {Rail} {Mount} - {B}\&{B} {Electronics}},
	url = {http://www.bb-elec.com/Products/USB-Connectivity/USB-to-Serial-Adapters/Isolated-USB-to-Serial-Converters.aspx},
	urldate = {2016-10-21TZ}
}

@article{wnek_design_1972,
	title = {Design of {Cross}-{Flow} {Cooling} {Towers} and {Ammonia} {Stripping} {Towers}},
	volume = {11},
	issn = {0196-4305, 1541-5716},
	url = {http://pubs.acs.org/doi/abs/10.1021/i260043a004},
	doi = {10.1021/i260043a004},
	language = {en},
	number = {3},
	urldate = {2016-10-17TZ},
	journal = {Industrial \& Engineering Chemistry Process Design and Development},
	author = {Wnek, W. J. and Snow, R. H.},
	month = jul,
	year = {1972},
	pages = {343--349}
}

@book{ovejero_bernal_tecnicas_2004,
	address = {Madrid},
	title = {Técnicas de negociación: cómo negociar eficaz y exitosamente},
	isbn = {978-84-481-4070-0},
	shorttitle = {Técnicas de negociación},
	abstract = {Conflicto y negociación; Psicología social y negociación ;Cómo preparar la negociación; El contenido de la negociación :Fases esenciales; El modelo de las ocho fases; Negociar a través de la acción: Los dilemas sociales; Tácticas y estrategias de negociación ;Formas de intermediación :Derecho conflicto y mediación.},
	language = {Spanish},
	publisher = {McGraw-Hill Interamericana},
	author = {Ovejero Bernal, Anastasio},
	year = {2004},
	note = {OCLC: 60708875}
}

@article{hedqvist_presynaptic_1975,
	title = {Presynaptic alpha- and beta-adrenoceptor medicated control of noradrenaline release in human oviduct},
	volume = {95},
	issn = {0001-6772},
	doi = {10.1111/j.1748-1716.1975.tb10079.x},
	language = {eng},
	number = {4},
	journal = {Acta Physiologica Scandinavica},
	author = {Hedqvist, P. and Moawad, A.},
	month = dec,
	year = {1975},
	pmid = {1972},
	keywords = {Adrenergic Agonists, Desipramine, Fallopian Tubes, Female, Humans, In Vitro Techniques, Norepinephrine, Normetanephrine, Phenoxybenzamine, Prostaglandins E, Receptors, Adrenergic},
	pages = {494--496}
}

@article{fiessinger_[thrombolytic_1978,
	title = {[{Thrombolytic} treatment of arteriopathies]},
	volume = {19},
	issn = {0003-4061},
	abstract = {Systemic streptokinase has shown its effectiveness in the treatment of recent arterial obstruction of the limbs. The haemorrhagic and embolic complications of this type of treatment nevertheless limit its indications. Streptokinase should be reserved for acute thromboses present for less than two months, and responsible for severe ischaemia without the possibility of surgical treatment. The intra-arterial administration of urokinase limits the risks of systemic fibrinolysis, though the effectiveness of the therapeutic protocols proposed has yet to be demonstrated.},
	language = {fre},
	number = {8},
	journal = {Annales De L'anesthésiologie Française},
	author = {Fiessinger, J. N. and Aiach, M. and Vayssairat, M. and Juillet, Y. and Cormier, J. M. and Housset, E.},
	year = {1978},
	pmid = {31119},
	keywords = {Arterial Occlusive Diseases, Clinical Trials as Topic, Drug Evaluation, Embolism, Hemorrhage, Humans, Injections, Intravenous, Streptokinase, Time Factors, Urokinase-Type Plasminogen Activator},
	pages = {739--745}
}

@misc{nextcloud_gmbh_tutorial:_2016,
	title = {Tutorial: {Collabora} {Online} integration in {Nextcloud}},
	shorttitle = {Tutorial},
	url = {https://www.youtube.com/watch?v=MDc1bNxn3js&feature=youtu.be},
	abstract = {In this video we'll show how to integrate Collabora Online in Nextcloud using the docker container we made together with Collabora.

The how-to is on https://nextcloud.com/collaboraonline
The forum post discussing integration issues is https://help.nextcloud.com/t/issue-in...

Enterprise support available from https://nextcloud.com/enterprise

Let us know what you think!},
	urldate = {2016-10-12TZ},
	author = {{Nextcloud GmbH}},
	month = jul,
	year = {2016},
	keywords = {\#Nextcloud, Collabora, OnlineOffice, Tutorial}
}

@misc{noauthor_certbot_nodate,
	title = {Certbot},
	url = {https://certbot.eff.org/#ubuntuxenial-apache},
	abstract = {Automatically enable HTTPS on your website with EFF's Certbot, deploying Let's Encrypt certificates.},
	urldate = {2016-10-12TZ}
}

@misc{noauthor_getting_nodate,
	title = {Getting {Started} - {Let}'s {Encrypt} - {Free} {SSL}/{TLS} {Certificates}},
	url = {https://letsencrypt.org/getting-started/},
	urldate = {2016-10-12TZ}
}

@article{ma_integrated_2008,
	title = {Integrated {Design} and {Implementation} of {Embedded} {Control} {Systems} with {Scilab}},
	volume = {8},
	issn = {1424-8220},
	url = {http://www.mdpi.com/1424-8220/8/9/5501/},
	doi = {10.3390/s8095501},
	language = {en},
	number = {9},
	urldate = {2016-10-02TZ},
	journal = {Sensors},
	author = {Ma, Longhua and Xia, Feng and Peng, Zhe},
	month = sep,
	year = {2008},
	pages = {5501--5515}
}

@misc{noauthor_how_2016,
	title = {How to {Install} the {Nextcloud} {Server} on {Ubuntu}},
	url = {https://www.linux.com/learn/how-install-nextcloud-server-ubuntu%20%20},
	abstract = {You’ve probably already heard the open source cloud server ownCloud has been forked by its founder and the new company/server Nextcloud has been formed. What you might not know, however, is that Nextcloud has already released a ready-to-install server that offers the same functionality as ownCloud as well as a newfound focus on apps (Calendar, Contacts, Documents, Email, and more).},
	urldate = {2016-09-30TZ},
	journal = {Linux.com {\textbar} The source for Linux information},
	month = jul,
	year = {2016}
}

@book{smith_principles_2006,
	address = {Hoboken, NJ},
	edition = {3},
	title = {Principles and practice of automatic process control},
	isbn = {978-0-471-43190-9},
	publisher = {Wiley},
	author = {Smith, Carlos A. and Corripio, Armando B.},
	year = {2006},
	keywords = {Automation, Chemical process control}
}

@article{holder_amino_1975,
	title = {The amino acid sequence of {Neurospora} {NADP}-specific glutamate dehydrogenase. {Peptic} and chymotryptic peptides and the complete sequence},
	volume = {149},
	issn = {0264-6021},
	abstract = {Peptic and chymotryptic peptides were isolated form the NADP-specific glutamate dehydrogenase of Neurospora crassa and substantially sequenced. Out of 452 residues in the polypeptide chain, 265 were recovered in the peptic and 427 in the chymotryptic peptides. Together with the tryptic peptides [Wootton, J. C., Taylor, J. G., Jackson, A. A., Chambers, G. K. \& Fincham, J. R. S. (1975) Biochem. J. 149, 749-755], these establish the complete sequence of the chain, including the acid and amide assignments, except for seven places where overlaps are inadequate. These remaining alignments are deduced from information on the CNBr fragments obtained in another laboratory [Blumenthal, K. M., Moon, K. \& Smith, E. L. (1975), J. Biol. Chem. 250, 3644-3654]. Further information has been deposited as Supplementary Publication SUP 50054 (17 pages) with the British Library (Lending Division), Boston Spa, Wetherby, W. Yorkshire LS23 7BQ, U.K., from whom copies may be obtained under the terms given in Biochem. J. (1975) 145, 5.},
	language = {eng},
	number = {3},
	journal = {The Biochemical Journal},
	author = {Holder, A. A. and Wootton, J. C. and Baron, A. J. and Chambers, G. K. and Fincham, J. R.},
	month = sep,
	year = {1975},
	pmid = {1002},
	pmcid = {PMC1165685},
	keywords = {Amides, Amino Acid Sequence, Amino Acids, Chymotrypsin, Glutamate Dehydrogenase, NADP, Neurospora, Neurospora crassa, Pepsin A, Peptide Fragments},
	pages = {757--773}
}

@article{mizuta_trypsin-catalyzed_1975,
	title = {Trypsin-catalyzed activation of aspartase},
	volume = {67},
	issn = {0006-291X},
	language = {eng},
	number = {2},
	journal = {Biochemical and Biophysical Research Communications},
	author = {Mizuta, K. and Tokushige, M.},
	month = nov,
	year = {1975},
	pmid = {1021},
	keywords = {Ammonia-Lyases, Animals, Aspartate Ammonia-Lyase, Cattle, Enzyme Activation, Escherichia coli, Hydrogen-Ion Concentration, Kinetics, Pancreas, Trypsin},
	pages = {741--746}
}

@misc{noauthor_sci-hub:_nodate,
	title = {Sci-{Hub}: removing barriers in the way of science},
	shorttitle = {Sci-{Hub}},
	url = {http://sci-hub.bz/},
	abstract = {The first pirate website in the world to open mass and public access to tens of millions research papers},
	urldate = {2016-09-23TZ}
}

@misc{noauthor_pid_nodate,
	title = {{PID} {Controller} {Types} for {Tuning} - {MATLAB} \& {Simulink}},
	url = {http://www.mathworks.com/help/control/ug/pid-controller-types-for-tuning.html?requestedDomain=www.mathworks.com},
	urldate = {2016-09-22TZ}
}

@misc{noauthor_create_nodate,
	title = {Create {LaTeX} tables online},
	url = {http://www.tablesgenerator.com/},
	urldate = {2016-09-13TZ}
}

@misc{noauthor_how_nodate,
	title = {How to {Install} {KVM} and {Create} {Virtual} {Machines} on {Ubuntu}},
	url = {http://www.howtogeek.com/117635/how-to-install-kvm-and-create-virtual-machines-on-ubuntu/},
	abstract = {If you’re using Linux, you don’t need VirtualBox or VMware to create virtual machines. You can use KVM – the kernel-based virtual machine – to run both Windows and Linux in virtual machines.},
	urldate = {2016-09-06TZ}
}

@misc{noauthor_config.txt_nodate,
	title = {config.txt - {Raspberry} {Pi} {Documentation}},
	url = {https://www.raspberrypi.org/documentation/configuration/config-txt.md},
	urldate = {2016-09-01TZ}
}

@misc{noauthor_how_nodate-1,
	title = {How to {Remove} a {Password} from a {PDF} {File} in {Linux}},
	url = {http://www.howtogeek.com/197195/how-to-remove-a-password-from-a-pdf-file-in-linux/},
	abstract = {You’ve protected a PDF file containing sensitive information with a long, secure password so only the intended party can open it. However, you don’t want to enter that password every time you access the document, so you want to remove the password from your copy.},
	urldate = {2016-08-26TZ}
}

@misc{noauthor_rgb_2013,
	title = {{RGB} {Led} {Strip} controlled by an {Arduino}},
	url = {http://www.jerome-bernard.com/blog/2013/01/12/rgb-led-strip-controlled-by-an-arduino/},
	abstract = {I bought a few weeks ago some quite cheap 5 meters RGB LED strips (60 LEDs per meter) on eBay. My intent is to drive them with a custom Arduino ...},
	urldate = {2016-08-25TZ},
	journal = {Jerome Bernard},
	month = jan,
	year = {2013}
}

@misc{noauthor_free_nodate,
	title = {Free {Music} {Archive}: {Lee} {Rosevere} - {End} {Titles}},
	url = {http://freemusicarchive.org/music/Lee_Rosevere/BAM/LeeRosevere_15-BAM-End_Titles},
	urldate = {2016-08-15TZ}
}

@misc{noauthor_free_nodate-1,
	title = {Free {Music} {Archive}: {Tortue} {Super} {Sonic} - {Robotomie}},
	url = {http://freemusicarchive.org/music/Tortue_Super_Sonic/Neogrotesque/tortue_super_sonic_-_09_-_robotomie},
	urldate = {2016-08-15TZ}
}

@misc{noauthor_free_nodate-2,
	title = {Free {Music} {Archive}: {Nihilore} - {Authenticity}},
	url = {http://freemusicarchive.org/music/Nihilore/The_Hermeneutic_Circle/Nihilore_-_The_Hermeneutic_Circle_-_03_Authenticity},
	urldate = {2016-08-15TZ}
}

@misc{noauthor_free_nodate-3,
	title = {Free {Music} {Archive}: {Graphiqs} {Groove} - {Deep} {Sky} {Blue}},
	url = {http://freemusicarchive.org/music/Graphiqs_Groove/Graphiqs_Groove_2009/09_-_deepskyblue},
	urldate = {2016-08-15TZ}
}

@misc{noauthor_free_nodate-4,
	title = {Free {Music} {Archive}: {Podington} {Bear} - {Nature} {Kid}},
	url = {http://freemusicarchive.org/music/Podington_Bear/Background/NatureKid},
	urldate = {2016-08-15TZ}
}

@misc{noauthor_free_nodate-5,
	title = {Free {Music} {Archive}: {MUTWAWA} - {Burn} {Down} {The} {CIty}},
	url = {http://freemusicarchive.org/music/MUTWAWA/self-titled_Ormolycka_tape/6_Burn_Down_The_CIty_1282},
	urldate = {2016-08-15TZ}
}

@misc{noauthor_free_nodate-6,
	title = {Free {Music} {Archive}: {Mark} {Castle} - {Meat} {Sweats}},
	url = {http://freemusicarchive.org/music/Mark_Castle/20160510134156488/Meat_Sweats},
	urldate = {2016-08-15TZ}
}

@misc{noauthor_free_nodate-7,
	title = {Free {Music} {Archive}: {Krowne} - {Welcome} {To} {Warp} {Street}},
	url = {http://freemusicarchive.org/music/Krowne/Welcome_To_Warp_Street/2_Welcome_To_Warp_Street_MASTER},
	urldate = {2016-08-15TZ}
}

@misc{noauthor_free_nodate-8,
	title = {Free {Music} {Archive}: {Damon} {Boucher} - {Fast}},
	url = {http://freemusicarchive.org/music/Damon_Boucher/none_given_2225/Fast},
	urldate = {2016-08-15TZ}
}

@misc{noauthor_free_nodate-9,
	title = {Free {Music} {Archive}: {Thee} {Stag} {Knights} - {Speed} is {King}},
	url = {http://freemusicarchive.org/music/Thee_Stag_Knights/Tomorrow_is_Today_A_Tribute_to_the_Australian_Psychedelic_Scene_1966-70_Disc_2/Speed_is_King},
	urldate = {2016-08-15TZ}
}

@misc{noauthor_free_nodate-10,
	title = {Free {Music} {Archive}: {Eaters} - {Libertad}!},
	url = {http://freemusicarchive.org/music/Eaters/Simian_Samba/Eaters_-_Simian_Samba_-_06_Libertad},
	urldate = {2016-08-15TZ}
}

@misc{noauthor_free_nodate-11,
	title = {Free {Music} {Archive}},
	url = {http://freemusicarchive.org/FAQ_For_Videos},
	urldate = {2016-08-15TZ}
}

@misc{noauthor_free_nodate-12,
	title = {Free {Music} {Archive}: {Celesteville} - {Let}'s {Climb} a {Mossy} {Hill}},
	url = {http://freemusicarchive.org/music/Celesteville/Birdlike_Movements/Lets_Climb_a_Mossy_Hill_1_1509},
	urldate = {2016-08-15TZ}
}

@misc{noauthor_free_nodate-13,
	title = {Free {Music} {Archive}: {G}. - {Bikers} {Like} {Me}},
	url = {http://freemusicarchive.org/music/G/Bikers_Like_Me},
	urldate = {2016-08-15TZ}
}

@article{kloppers_critical_2004,
	title = {A critical investigation into the heat and mass transfer analysis of crossflow wet-cooling towers},
	volume = {46},
	issn = {1040-7782, 1521-0634},
	url = {http://www.tandfonline.com/doi/abs/10.1080/104077890504113},
	doi = {10.1080/104077890504113},
	abstract = {The heat and mass transfer process of evaporative cooling in crossflow wet-cooling tower fills is investigated. The governing equations of the crossflow evaporative process are derived from first principles. A detailed account is given of how to solve these equations. The governing equations, according to the Poppe, Merkel, and e-NTU methods of analysis, are considered. The equations of the Poppe method of analysis are extended to give a more detailed representation of the transfer characteristic or Merkel number. The results of a crossflow wet-cooling tower fill analysis according to the Merket, Poppe, and e-NTU methods of analysis are presented. The differences between the results of these methods are evaluated.},
	language = {en},
	number = {8},
	urldate = {2016-08-05TZ},
	journal = {Numerical Heat Transfer, Part A: Applications},
	author = {Kloppers, J. C. and Kröger, D. G.},
	month = nov,
	year = {2004},
	pages = {785--806}
}
@phdthesis{fuentes_mendoza_diseno_2009,
	address = {San José, C.R.},
	type = {Tesis de licenciatura en ingeniería química},
	title = {Diseño, construcción y arranque de un módulo empaquetado de absorción de amoniaco para el laboratorio de {Ingeniería} {Química}},
	language = {Español},
	school = {Universidad de Costa Rica},
	author = {Fuentes Mendoza, Mónica},
	year = {2009}
}

@book{gutierrez_pulido_alisis_2012,
	address = {México, D.F.},
	edition = {3},
	title = {Análisis y diseño de experimentos},
	isbn = {978-1-4562-1382-4},
	url = {http://site.ebrary.com/id/10747937},
	language = {Spanish},
	urldate = {2016-08-05TZ},
	publisher = {McGraw-Hill Interamericana},
	author = {Gutiérrez Pulido, Humberto and de la Vara Salazar, Román},
	year = {2012},
	note = {OCLC: 859161816}
}

@book{treybal_operaciones_1988,
	address = {México},
	edition = {2},
	title = {Operaciones de tranferencia de masa},
	isbn = {978-968-6046-34-2},
	language = {Traducción de la 3a. ed. en inglés de: "Mass transfer operations."},
	publisher = {McGraw-Hill},
	author = {Treybal, Robert Ewald},
	translator = {García Rodríguez, Amelia and Lozano, Francisco José},
	year = {1988},
	note = {OCLC: 37824365}
}

@misc{noauthor_guide_nodate,
	title = {Guide for authors - {Chemical} {Engineering} {Science} - {ISSN} 0009-2509},
	url = {https://www.elsevier.com/journals/chemical-engineering-science/0009-2509/guide-for-authors},
	urldate = {2016-08-05TZ}
}

@article{brown_developing_2001,
	title = {Developing the best correlation for estimating the transfer of oxygen from air to water},
	volume = {Spring},
	url = {http://ufdcimages.uflib.ufl.edu/AA/00/00/03/83/00150/AA00000383_00150_00134.pdf},
	language = {English},
	journal = {Chemical Engineering Education},
	author = {Brown, Wayne A.},
	year = {2001},
	pages = {134--147}
}

@book{box_estadistica_2008,
	address = {Barcelona},
	edition = {2},
	title = {Estadística para investigadores: diseño, innovación y descubrimiento},
	isbn = {978-84-291-5044-5},
	shorttitle = {Estadística para investigadores},
	abstract = {Los objetivos de esta nueva edición de Estadística para Investigadores son los mismos que los que hicieron famosa la primera edición: poner a disposición de los investigadores y experimentadores herramientas estadísticas y científicas que puedan, en gran medida, catalizar la innovación, la resolución de problemas y los descubrimientos, y mostrar cómo estas herramientas pueden ser utilizadas por los especialistas en una materia a medida que avanzan sus investigaciones... Etc.},
	language = {Spanish},
	publisher = {Reverté},
	author = {Box, George E. P and Hunter, J. Stuart and Hunter, William Gordon},
	translator = {Tomàs Morer, Xavier},
	year = {2008},
	note = {OCLC: 314413623}
}

@misc{noauthor_sketchup:_nodate,
	title = {{SKETCHUP}: {Diseño} en 3D en {Linux} {\textbar} {Todos} hacemos {TIC}},
	url = {http://diocesanos.es/blogs/equipotic/2015/03/29/sketchup-diseno-en-3d-en-linux/},
	urldate = {2016-08-03TZ}
}

@misc{noauthor_learning_nodate,
	title = {Learning tools \& flashcards, for free {\textbar} {Quizlet}},
	url = {https://quizlet.com/},
	urldate = {2016-07-26TZ}
}

@misc{noauthor_extraccion_nodate,
	title = {Extracción {\textbar} {Química} {Orgánica}},
	url = {http://www.quimicaorganica.net/extraccion.html},
	urldate = {2016-07-26TZ}
}

@article{villegas_jovenes_2011,
	chapter = {El País},
	title = {Jóvenes huyen de las carreras con más opciones de trabajo},
	url = {http://www.nacion.com/nacional/comunidades/Jovenes-huyen-carreras-opciones-trabajo_0_1186881413.html},
	abstract = {Lea más sobre este tema en La Nación},
	urldate = {2016-05-19TZ},
	journal = {La Nación},
	author = {Villegas, J},
	month = apr,
	year = {2011}
}

@misc{noauthor_tutorial_2013,
	title = {Tutorial {Raspberry} {Pi} – {Uso} de convertidores {HDMI}-{VGA}},
	url = {https://geekytheory.com/tutorial-raspberry-pi-uso-de-convertidores-hdmi-vga/},
	abstract = {¡Hola! Bueno sin duda algo muy usado por cuestión de economía o por reciclar muchos de los que usamos una Raspberry Pi, no contamos con un monitor con entrada HDMI y recurrimos a comprar un adaptad…},
	urldate = {2016-05-05TZ},
	journal = {Geeky Theory},
	month = oct,
	year = {2013}
}

@misc{noauthor_how_nodate,
	title = {How to use {GPIOs} on raspberry pi ({Simple} {I}/{O}, {PWM} and {UART}) - {Semillero}: {Advanced} {Digital} {Technologies} - {UPB} {Bucaramanga}, {Colombia}},
	url = {https://sites.google.com/site/semilleroadt/raspberry-pi-tutorials/gpio},
	urldate = {2016-02-28TZ}
}

@misc{noauthor_ds18b20_nodate,
	title = {{DS}18B20 temperature sensor’s connecting and programming {Raspberry} {Pi} {\textbar} {Sed} {Blog}},
	url = {http://blog.sed.hu/2014/07/17/ds18b20-as-hoszenzor-kotese-es-programozasa-raspberry-pi-n-2/},
	urldate = {2016-02-28TZ}
}

@misc{noauthor_build_nodate,
	title = {Build a portable {Raspberry} {Pi} tablet with 3D printed enclosure and 7 inch multitouch display},
	url = {http://www.3ders.org/articles/20151025-build-a-portable-raspberry-pi-2-with-3d-printed-enclosure-multitouch-display.html},
	abstract = {Need a basic tablet device on the cheap? Have a 3D printer to hand? Why not try building a portable Raspberry Pi 2 with a customised 3D printed enclosure and 7" multitouch display. Over at Adafruit, the Ruiz Brothers have provided detailed instructions for doing just that.},
	urldate = {2016-06-08TZ},
	journal = {3ders.org}
}

@misc{noauthor_knitr:_nodate,
	title = {knitr: {Elegant}, flexible and fast dynamic report generation with {R} {\textbar} knitr},
	url = {http://yihui.name/knitr/},
	urldate = {2016-07-04TZ}
}

@misc{noauthor_ezo_nodate,
	title = {{EZO} {pH} {Circuit} {\textbar} {Atlas} {Scientific}},
	url = {http://www.atlas-scientific.com/product_pages/circuits/ezo_ph.html},
	urldate = {2016-07-04TZ}
}

@misc{noauthor_chemix_nodate,
	title = {Chemix 2.0 - {Draw} {Lab} {Diagrams}. {Simply}.},
	url = {http://chemix.org/},
	urldate = {2016-07-02TZ}
}

@article{mora_casal_calculo_2015,
	title = {Cálculo riguroso y termodinámicamente consistente de equilibrio líquido-vapor en sistemas binarios isotérmicos.},
	volume = {31},
	copyright = {Copyright (c) 2016 Revista de Ciencia y Tecnología},
	issn = {0378-0254},
	url = {http://revistas.ucr.ac.cr/index.php/cienciaytecnologia/article/view/24916},
	abstract = {A rigorous method for calculating thermodynamically consistent vapor composition data in isothermal binary systems is fully developed. The method does not require the simplifying assumptions of ideal gas and negligible liquid volume and the result is a first-order differential equation for},
	language = {es},
	number = {1},
	urldate = {2016-07-01TZ},
	journal = {Revista de Ciencia y Tecnología},
	author = {Mora Casal, René},
	month = jun,
	year = {2015},
	pages = {1--25}
}

@misc{noauthor_historia_nodate,
	title = {Historia de la {Ingeniería} {Quimica} - {Parte} 1: {Operaciones} {Unitarias} {\textbar} {Ingeniería} {Química}},
	url = {http://www.ingenieriaquimica.org/articulos/historia-ingenieria-quimica?utm_content=buffer63a02&utm_medium=social&utm_source=facebook.com&utm_campaign=buffer},
	urldate = {2016-05-27TZ}
}

@misc{noauthor_openoffice.org/math:_nodate,
	title = {{OpenOffice}.org/{Math}: el editor de fórmulas - {Wikilibros}},
	url = {https://es.wikibooks.org/wiki/OpenOffice.org/Math:_el_editor_de_f%C3%B3rmulas},
	urldate = {2016-05-23TZ}
}

@misc{reiss_mission_2012,
	title = {Mission {Possible}: {Adding} {Engineering} to the {K}-12 {Curriculum} {\textbar} {NSF} - {National} {Science} {Foundation}},
	url = {http://www.nsf.gov/discoveries/disc_summ.jsp?org=NSF&cntn_id=125345&preview=false},
	language = {English},
	urldate = {2013-05-20TZ},
	journal = {National Science Foundation},
	author = {Reiss, Susan},
	month = sep,
	year = {2012}
}

@misc{oshea_ewb_2012,
	title = {{EWB} {Wins} {Grant} for {Regioneering} {Road} {Show} - {Engineers} {Without} {Borders} {Australia}},
	url = {http://www.ewb.org.au/announcements/278/11088},
	language = {English},
	urldate = {2013-05-20TZ},
	journal = {Engineers Without Borders Australia},
	author = {O'Shea, Julian},
	month = jun,
	year = {2012}
}

@misc{villegas_14_2012,
	title = {14\% de estudiantes de {UCR} solicita cambiarse de carrera},
	url = {http://www.nacion.com/nacional/comunidades/estudiantes-UCR-solicita-cambiarse-carrera_0_1295070512.html},
	urldate = {2013-05-20TZ},
	author = {Villegas, J},
	month = sep,
	year = {2012}
}

@misc{araya_ninas_2012,
	title = {Niñas alejadas de la ciencia, un fenómeno que se puede cambiar},
	url = {http://www.crhoy.com/ninas-alejadas-de-la-ciencia-un-fenomeno-que-se-puede-cambiar/},
	urldate = {2013-05-20TZ},
	journal = {crhoy.com},
	author = {Araya, Daniela},
	month = jun,
	year = {2012}
}

@misc{alvarado_universitarios_2012,
	title = {Universitarios ven de largo carreras con mayores opciones de trabajo.},
	url = {http://www.telenoticias7.com/detalle_nacionales.php?title=Universitarios-ven-de-largo-carreras-con-mayores-opciones-de-trabajo%20--&id=146616},
	urldate = {2013-05-20TZ},
	journal = {Telenoticias Canal 7},
	author = {Alvarado, J},
	month = sep,
	year = {2012}
}

@misc{salas_murillo_noticias_2016,
	title = {Noticias {UCR} {\textbar} {Ingeniería} {UCR} promueve sus carreras entre estudiantes de secundaria},
	url = {http://www.ucr.ac.cr/noticias/2016/05/02/ingenieria-ucr-promueve-sus-carreras-entre-estudiantes-de-secundaria.html},
	abstract = {Un total de 65 estudiantes provenientes de tres colegios josefinos visitaron recientemente la Universidad de Costa Rica (UCR) para conocer aspectos importantes de las carreras de la Facultad de Ingeniería.  Se les motivó para que, una vez obtenido el bachillerato, eligieran alguna de las ingenierías ...},
	urldate = {2016-05-12TZ},
	journal = {Universidad de Costa Rica},
	author = {Salas Murillo, Otto},
	month = may,
	year = {2016}
}

@misc{navarro_piedra_swe_2016,
	title = {\#{SWE} {International} {Ambassador} in {Costa} {Rica} {\textbar} {Blanca} {Rosa} {Navarro} {Piedra} {\textbar} {LinkedIn}},
	url = {https://www.linkedin.com/pulse/swe-international-ambassador-costa-rica-blanca-rosa-navarro-piedra},
	urldate = {2016-05-12TZ},
	journal = {LinkedIn},
	author = {Navarro Piedra, Blanca Rosa},
	month = apr,
	year = {2016}
}

@article{villegas_28_2012,
	chapter = {El País},
	title = {28 carreras figuran entre las de mayor demanda laboral},
	url = {http://www.nacion.com/nacional/comunidades/carreras-figuran-mayor-demanda-laboral_0_1265673652.html},
	urldate = {2013-05-19TZ},
	journal = {La Nación},
	author = {Villegas, J},
	month = apr,
	year = {2012}
}

@misc{jacr_carreras_2009,
	title = {Carreras de {Mayor} {Demanda} » {Carreras} {Con} {Proposito} - {Estudia} con porpostio},
	url = {http://carreras.comxa.com/1_2_Carreras-de-Mayor-Demanda.html},
	urldate = {2013-05-19TZ},
	author = {{JACR} and {CINDE}},
	year = {2009}
}

@misc{soto_profesion:_2012,
	title = {Profesión: ¿que me genere dinero o me haga feliz? {\textbar} {Crhoy}.com},
	shorttitle = {Profesión},
	url = {http://www.crhoy.com/profesion-una-que-me-genere-dinero-o-una-que-me-haga-feliz/nacionales/educacion/},
	abstract = {Una de las desiciones más complicadas e importantes es la elección de una carrera. ¿Cuándo es el momento indicado para pensarlo? Pues ya. Sin embargo hay una serie de puntos que […] {\textbar} Crhoy.com},
	urldate = {2013-05-19TZ},
	journal = {CRHoy.com {\textbar} Periodico Digital {\textbar} Costa Rica Noticias 24/7},
	author = {Soto, Jimena},
	month = apr,
	year = {2012}
}

@misc{salas_clave_2012,
	title = {La clave para elegir carrera es disfrutar},
	url = {http://www.crhoy.com/la-clave-para-elegir-carrera-es-disfrutar/nacionales/},
	urldate = {2013-05-19TZ},
	author = {Salas, Laura},
	month = jan,
	year = {2012}
}

@misc{noauthor_ethyl_2013,
	title = {Ethyl {Alcohol} {\textbar} {The} {Merck} {Index} {Online}},
	url = {https://www.rsc.org/Merck-Index/monograph/m5084/ethyl%20alcohol?q=unauthorize},
	urldate = {2016-05-18TZ},
	year = {2013}
}

@book{windholz_merck_1983,
	address = {Rahway, N.J., U.S.A},
	edition = {10},
	title = {The {Merck} index: an encyclopedia of chemicals, drugs, and biologicals},
	isbn = {978-0-911910-27-8},
	shorttitle = {The {Merck} index},
	publisher = {Merck},
	editor = {Windholz, Martha and {Merck \& Co}},
	year = {1983},
	keywords = {Biomolecules, Chemicals, Dictionaries, Drugs}
}

@misc{noauthor_distillation_2016,
	title = {Distillation},
	copyright = {Creative Commons Attribution-ShareAlike License},
	url = {https://en.wikipedia.org/w/index.php?title=Distillation&oldid=718996454},
	abstract = {Distillation is a process of separating the component substances from a liquid mixture by selective evaporation and condensation. Distillation may result in essentially complete separation (nearly pure components), or it may be a partial separation that increases the concentration of selected components of the mixture. In either case the process exploits differences in the volatility of mixture's components. In industrial chemistry, distillation is a unit operation of practically universal importance, but it is a physical separation process and not a chemical reaction.
Commercially, distillation has many applications. For example:
In the fossil fuel industry distillation is a major class of operation in obtaining materials from crude oil for fuels and for chemical feedstocks.
Distillation permits separation of air into its components — notably oxygen, nitrogen, and argon — for industrial use.
In the field of industrial chemistry, large ranges of crude liquid products of chemical synthesis are distilled to separate them, either from other products, or from impurities, or from unreacted starting materials.
Distillation of fermented products produces distilled beverages with a high alcohol content, or separates out other fermentation products of commercial value.
An installation for distillation, especially of alcohol, is a distillery. The distillation equipment is a still.},
	language = {en},
	urldate = {2016-05-17TZ},
	journal = {Wikipedia, the free encyclopedia},
	month = may,
	year = {2016},
	note = {Page Version ID: 718996454}
}

@misc{noauthor_220px-simple_distillation_apparatus.svg.png_2007,
	title = {220px-{Simple}\_distillation\_apparatus.svg.png ({Imagen} {PNG}, 220 × 292 pixels) - {Escala} (0\%)},
	url = {https://upload.wikimedia.org/wikipedia/commons/thumb/9/9c/Simple_distillation_apparatus.svg/220px-Simple_distillation_apparatus.svg.png},
	urldate = {2016-05-17TZ},
	month = nov,
	year = {2007}
}

@misc{noauthor_spreadsheet_nodate,
	title = {Spreadsheet {Addiction}},
	url = {http://www.burns-stat.com/documents/tutorials/spreadsheet-addiction/},
	abstract = {Some people will think that the “addiction” in the title is over the top, or at least used metaphorically. It is used literally, and is not an exaggeration. Addiction is the persistent use of a substance where that use is detrimental to the user. It is not the substance that is the problem — more …},
	urldate = {2016-04-21TZ},
	journal = {Burns Statistics}
}

@article{gonzalez-gonzalez_limpieza_2014,
	title = {Limpieza bucodental mediante técnicas de adsorción con material desechable. {Nueva} alternativa de higiene oral},
	volume = {30},
	issn = {0213-1285},
	url = {http://scielo.isciii.es/img/revistas/odonto/v30n6/original1_fig1.jpg},
	number = {6},
	urldate = {2016-03-28TZ},
	journal = {Avances en Odontoestomatología},
	author = {González-González, J.M.},
	month = nov,
	year = {2014}
}

@misc{noauthor_temperature_nodate,
	title = {Temperature {Sensor} {Project} using {DS}18B20 - {PrivateEyePi} {Project}},
	url = {http://projects.privateeyepi.com/home/temperature-sensor-project-using-ds18b20},
	abstract = {This tutorial will guide you through the process of building a digital temperature gauge with your Raspberry Pi that can be viewed on the WWW or your smart phone.},
	urldate = {2016-03-26TZ}
}

@misc{d3noob_d3.js_nodate,
	title = {D3.js {Tips} and {Tricks}: {Raspberry} {Pi} {Single} {Temperature} {Measurement}, {Recording} and {Display}},
	shorttitle = {D3.js {Tips} and {Tricks}},
	url = {http://www.d3noob.org/2015/01/raspberry-pi-single-temperature.html},
	urldate = {2016-03-26TZ},
	author = {{D3noob}}
}

@misc{noauthor_25_nodate,
	title = {25 {Reasons} to {Convert} to {Linux}, compiled by {The} {Linux} {Information} {Project}},
	url = {http://www.linfo.org/reasons_to_convert.html},
	urldate = {2016-03-09TZ}
}

@misc{noauthor_version_nodate,
	title = {versión 9: {Calentador} solar de {CPVC} – {Mi} calentador solar},
	shorttitle = {versión 9},
	url = {http://micalentadorsolar.com/contenido/version-9-calentador-solar-de-cpvc/},
	urldate = {2016-02-01TZ}
}

@misc{haggstrom_800px-possible_long-term_effects_of_ethanol-spanish.png_nodate,
	title = {800px-{Possible}\_long-term\_effects\_of\_ethanol-spanish.png ({Imagen} {PNG}, 800 × 575 píxeles) - {Escalado} (0 \%)},
	url = {https://upload.wikimedia.org/wikipedia/commons/thumb/2/27/Possible_long-term_effects_of_ethanol-spanish.png/800px-Possible_long-term_effects_of_ethanol-spanish.png},
	urldate = {2016-01-20TZ},
	author = {Häggström, Mikael}
}

@book{mochon_morcillo_administracion:_2014,
	address = {México, D.F.},
	title = {Administración: enfoque por competencias con casos latinoamericanos},
	isbn = {978-607-707-934-7},
	shorttitle = {Administración},
	language = {Spanish},
	publisher = {Alfaomega, 2014.},
	author = {Mochón Morcillo, Francisco},
	year = {2014}
}

@article{makar_formate_1975,
	title = {Formate assay in body fluids: application in methanol poisoning},
	volume = {13},
	issn = {0006-2944},
	shorttitle = {Formate assay in body fluids},
	language = {eng},
	number = {2},
	journal = {Biochemical Medicine},
	author = {Makar, A. B. and McMartin, K. E. and Palese, M. and Tephly, T. R.},
	month = jun,
	year = {1975},
	pmid = {1},
	keywords = {Aldehyde Oxidoreductases, Animals, Body Fluids, Carbon Dioxide, Formates, Haplorhini, Humans, Hydrogen-Ion Concentration, Kinetics, Methanol, Methods, Pseudomonas},
	pages = {117--126}
}

@misc{noauthor_use_nodate,
	title = {Use an {Android} {Device} as {Screen} and {Input} for {R}... » {Linux} {Magazine}},
	url = {http://www.linux-magazine.com/Online/Blogs/Productivity-Sauce/Use-an-Android-Device-as-Screen-and-Input-for-Raspberry-Pi},
	abstract = {Got an Android device? Want to use it as a screen and keyboard for Raspberry Pi? A simple trick described in a thread on the Raspberry Pi forum sit...},
	urldate = {2015-12-25TZ},
	journal = {Linux Magazine}
}

@article{minh_modeling_2009,
	title = {Modeling and {Control} of {Distillation} {Column} in a {Petroleum} {Process}, {Modeling} and {Control} of {Distillation} {Column} in a {Petroleum} {Process}},
	volume = {2009, 2009},
	issn = {1024-123X, 1024-123X},
	url = {http://www.hindawi.com/journals/mpe/2009/404702/abs/, http://www.hindawi.com/journals/mpe/2009/404702/abs/},
	doi = {10.1155/2009/404702, 10.1155/2009/404702},
	abstract = {This paper introduces a calculation procedure for modeling and control simulation of a condensate distillation column based on the energy balance (⬚⬚-⬚⬚) structure. In this control, the reflux rate ⬚⬚ and the boilup rate ⬚⬚ are used as the inputs to control the outputs of the purity of the distillate overhead and the impurity of the bottom products. The modeling simulation is important for process dynamic analysis and the plant initial design. In this paper, the modeling and simulation are accomplished over three phases: the basic nonlinear model of the plant, the full-order linearised model, and the reduced-order linear model. The reduced-order linear model is then used as the reference model for a model-reference adaptive control (MRAC) system to verify the applicable ability of a conventional adaptive controller for a distillation column dealing with the disturbance and the model-plant mismatch as the influence of the plant feed disturbances., This paper introduces a calculation procedure for modeling and control simulation of a condensate distillation column based on the energy balance (⬚⬚-⬚⬚) structure. In this control, the reflux rate ⬚⬚ and the boilup rate ⬚⬚ are used as the inputs to control the outputs of the purity of the distillate overhead and the impurity of the bottom products. The modeling simulation is important for process dynamic analysis and the plant initial design. In this paper, the modeling and simulation are accomplished over three phases: the basic nonlinear model of the plant, the full-order linearised model, and the reduced-order linear model. The reduced-order linear model is then used as the reference model for a model-reference adaptive control (MRAC) system to verify the applicable ability of a conventional adaptive controller for a distillation column dealing with the disturbance and the model-plant mismatch as the influence of the plant feed disturbances.},
	language = {en},
	urldate = {2015-12-10TZ},
	journal = {Mathematical Problems in Engineering, Mathematical Problems in Engineering},
	author = {Minh, Vu Trieu and Abdul Rani, Ahmad Majdi and Minh, Vu Trieu and Abdul Rani, Ahmad Majdi},
	month = dec,
	year = {2009},
	pages = {e404702}
}

@misc{noauthor_distillationmodel_nodate,
	title = {{DistillationModel} - {ControlsWiki}},
	url = {https://controls.engin.umich.edu/wiki/index.php/DistillationModel},
	urldate = {2015-12-10TZ}
}

@article{vekiari_composition_2002,
	title = {Composition and seasonal variation of the essential oil from leaves and peel of a {Cretan} lemon variety},
	volume = {50},
	issn = {0021-8561},
	abstract = {The essential oil of leaves and peel from the Cretan variety Zambetakis (Citrus limon) was obtained by steam distillation with a Clevenger apparatus. The essential oil was subjected to GC-MS analysis, and 35 substances were identified. The main component in both essential oils was limonene. beta-Pinene, myrcene, neral, geranial, neryl acetate, geranyl acetate, and beta-caryophyllene have been identified in the leaf oil. The peel oil contained gamma-terpinene, beta-pinene, myrcene, neral, and geranial. The quantification of volatile substances was based on the internal standard method, using octyl acetate as internal standard, and expressed in milligrams per kilogram of the essential oil. The high contents of neral and geranial were indicative of the high quality of both essential oils. The aroma profile and quantitative variations among the essential oil components were measured at six different time intervals over a period of greater than one year. Differences between the components of lemon leaves and peel were observed.},
	language = {eng},
	number = {1},
	journal = {Journal of Agricultural and Food Chemistry},
	author = {Vekiari, Stavroula A. and Protopapadakis, Eftihios E. and Papadopoulou, Parthena and Papanicolaou, Dimitrios and Panou, Christina and Vamvakias, Manolis},
	month = jan,
	year = {2002},
	pmid = {11754559},
	keywords = {Citrus, Gas Chromatography-Mass Spectrometry, Oils, Volatile, Plant Leaves, Seasons},
	pages = {147--153}
}

@misc{noauthor_w3c_nodate,
	title = {W3C {SVG} {Working} {Group}},
	url = {http://www.w3.org/Graphics/SVG/},
	urldate = {2015-11-28TZ}
}

@misc{noauthor_estimating_nodate,
	title = {Estimating the {Power} {Requirement} of a {Rushton} {Turbine} using {Pointwise} and {OpenFAOM}},
	url = {http://www.pointwise.com/webinar/mixing/},
	urldate = {2015-11-23TZ}
}

@misc{administrator_install_nodate,
	title = {Install {And} {Configure} {Wordpress} {On} {Ubuntu} 15.10 {Wily} {Werewolf}},
	url = {http://computerbeginnersguides.com/blog/2015/11/02/install-and-configure-wordpress-on-ubuntu-15-10-wily-werewolf/},
	abstract = {First, install Ubuntu into your machine of choice. Once Ubuntu is installed and updated, you will need to install five pieces of software: the Apache web server, the MySQL database server version 5...},
	urldate = {2015-11-21TZ},
	journal = {Computer Beginner's Guides},
	author = {{Administrator}}
}

@misc{noauthor_multiple_nodate,
	title = {Multiple {Choice} {Questions} on {Chemical} {Engineering}},
	url = {http://examtimequiz.com/multiple-choice-questions-chemical-engineering/},
	abstract = {Multiple Choice Questions on Chemical Engineering. Select your topic and take a test.},
	urldate = {2015-11-20TZ},
	journal = {Quiz and MCQ Questions for Competitive Exams}
}

@book{marko_mass_2011,
	title = {Mass {Transfer} in {Chemical} {Engineering} {Processes}},
	isbn = {978-953-307-619-5},
	url = {http://www.intechopen.com/books/mass-transfer-in-chemical-engineering-processes},
	language = {en},
	urldate = {2015-11-19TZ},
	publisher = {InTech},
	editor = {Marko, Jozef},
	month = nov,
	year = {2011}
}

@book{zereshki_distillation_2012,
	title = {Distillation - {Advances} from {Modeling} to {Applications}},
	isbn = {978-953-51-0428-5},
	url = {http://www.intechopen.com/books/distillation-advances-from-modeling-to-applications},
	language = {en},
	urldate = {2015-11-19TZ},
	publisher = {InTech},
	editor = {Zereshki, Sina},
	month = mar,
	year = {2012}
}

@incollection{marko_removal_2011,
	title = {Removal of {H}2S and {CO}2 from {Biogas} by {Amine} {Absorption}},
	isbn = {978-953-307-619-5},
	url = {http://www.intechopen.com/books/mass-transfer-in-chemical-engineering-processes/removal-of-h2s-and-co2-from-biogas-by-amine-absorption},
	language = {en},
	urldate = {2015-11-19TZ},
	booktitle = {Mass {Transfer} in {Chemical} {Engineering} {Processes}},
	publisher = {InTech},
	author = {Huertas, J.I. and Giraldo, N. and Izquierdo, S.},
	editor = {Marko, Jozef},
	month = nov,
	year = {2011}
}

@incollection{rousseau_chapter_1987,
	address = {New York},
	title = {Chapter 11: {Crystallization} operations},
	isbn = {978-0-471-89558-9},
	language = {English},
	booktitle = {Handbook of separation process technology},
	publisher = {J. Wiley},
	author = {Moyers, Charles G. and Rousseau, Ronald W.},
	editor = {Rousseau, Ronald W.},
	year = {1987},
	keywords = {Handbooks, manuals, etc, Separation (Technology)},
	pages = {578--643}
}

@book{rousseau_handbook_1987,
	address = {New York},
	title = {Handbook of separation process technology},
	isbn = {978-0-471-89558-9},
	publisher = {J. Wiley},
	editor = {Rousseau, Ronald W.},
	year = {1987},
	keywords = {Handbooks, manuals, etc, Separation (Technology)}
}

@misc{noauthor_power_nodate,
	title = {power management - {How} to change critically low battery value? - {Ask} {Ubuntu}},
	url = {http://askubuntu.com/questions/92794/how-to-change-critically-low-battery-value},
	urldate = {2015-11-06TZ}
}

@misc{noauthor_reducir_nodate,
	title = {Reducir peso de un archivo {PDF} en {Linux} {\textbar} {\textasciitilde}{MANCERA}{\textasciitilde}},
	url = {http://www.mancera.org/2014/02/02/reducir-peso-de-un-archivo-pdf-en-linux/},
	urldate = {2015-11-05TZ}
}

@misc{noauthor_problemas_nodate,
	title = {¿{Problemas} al abrir documentos {Word} docx en {OpenOffice}?},
	url = {http://blog.open-office.es/index.php/writer/2014/07/18/abrir-documentos-word-docx-en-openoffice#more518},
	urldate = {2015-10-29TZ}
}
@incollection{crapiste_chapter_1997,
	address = {Boca Raton, Florida},
	title = {Chapter 4: {Design} and {Performance} {Evaluation} of {Dryers}},
	isbn = {978-1-4200-4907-7},
	language = {English},
	booktitle = {Handbook of {Food} {Engineering} {Practice}},
	publisher = {CRC Press},
	author = {Crapiste, Guillermo H. and Rotstein, Enrique},
	editor = {{Kenneth J. Valentas} and {Enrique Rotstein} and {R. Paul Singh}},
	year = {1997}
}

@incollection{okos_martin_r._chapter_2007,
	address = {Boca Raton, Florida},
	edition = {2nd},
	title = {Chapter 10: {Food} {Dehydration}},
	isbn = {978-1-4200-1437-2},
	language = {English},
	booktitle = {Handbook of {Food} {Engineering}},
	publisher = {CRC Press},
	author = {Okos, Martin R. and Campanella, Osvaldo and Narsimhan, Ganesan and Singh, Rakesh K. and Weitnauer, A.C.},
	editor = {Heldman, Dennis R. and Lund, Daryl B. and Sabliov, Christina},
	year = {2007},
	pages = {601--744}
}

@misc{noauthor_interact/graphics_nodate,
	title = {interact/graphics - {Sage} {Wiki}},
	url = {http://wiki.sagemath.org/interact/graphics},
	urldate = {2015-10-04TZ}
}

@misc{noauthor_working_nodate,
	title = {Working {Tutorial} {How} {To} {Update}/{Upgrade} {Lenovo} {S}5000-{F} {To} {Android} 5.1 {Lollipop} {\textbar} {New} {List} {Android}},
	url = {http://newlistandrophone.blogspot.com/2015/06/working-tutorial-how-to-updateupgrade_39.html},
	urldate = {2015-09-26TZ}
}

@misc{noauthor_si_nodate,
	title = {{SI} {Unit} rules and style conventions checklist},
	url = {http://physics.nist.gov/cuu/Units/checklist.html},
	urldate = {2015-09-16TZ}
}

@misc{noauthor_destilador.png_nodate,
	title = {Destilador.png ({Imagen} {PNG}, 554 × 338 píxeles)},
	url = {https://upload.wikimedia.org/wikipedia/commons/f/f2/Destilador.png},
	urldate = {2015-09-13TZ}
}

@misc{noauthor_zotero_nodate,
	title = {Zotero, más allá de la gestión de referencias bibliográficas (parte 2)},
	url = {http://www.cobdc.net/programarilliure/zotero-mas-alla-de-la-gestion-de-referencias-bibliograficas-parte-2/},
	urldate = {2015-09-13TZ}
}

@misc{wilcox_selection_2011,
	title = {Selection of a thermodynamic model},
	url = {http://people.clarkson.edu/~wwilcox/Design/thermodl.htm},
	urldate = {2015-08-31TZ},
	author = {Wilcox, William R.},
	month = aug,
	year = {2011}
}

@book{wankat_separation_2007,
	address = {Upper Saddle River, NJ},
	edition = {2nd ed},
	title = {Separation process engineering},
	isbn = {978-0-13-084789-8},
	publisher = {Prentice Hall},
	author = {Wankat, Phillip C. and Wankat, Phillip C.},
	year = {2007},
	keywords = {Separation (Technology)}
}

@misc{noauthor_dissolved_nodate,
	title = {Dissolved {Oxygen}},
	url = {http://web.archive.org/web/20081001072424/http://users.vcnet.com/rrenshaw/do.html},
	urldate = {2015-06-24TZ}
}

@misc{noauthor_aeration_nodate,
	title = {Aeration - {Wikipedia}, the free encyclopedia},
	url = {https://en.wikipedia.org/wiki/Aeration},
	urldate = {2015-06-24TZ}
}

@misc{noauthor_water_nodate,
	title = {Water aeration - {Wikipedia}, the free encyclopedia},
	url = {https://en.wikipedia.org/wiki/Water_aeration},
	urldate = {2015-06-24TZ}
}

@misc{noauthor_continuous_nodate,
	title = {Continuous {Reaction} {Crystallization} of {Struvite} in a {DTM} {Type} {Crystallizer} {With} {Jet} {Pump} of {Ascending} {Suspension} {Flow} in a {Mixing} {Chamber}–{Kinetic} {Approach} of the {Process}},
	url = {http://file.scirp.org/Html/2-1010029_21357.htm},
	urldate = {2015-06-15TZ}
}

@misc{noauthor_max_nodate,
	title = {Max {Planck} {Institute} for {Dynamics} of {Complex} {Technical} {Systems} {\textbar} {Research} {\textbar} {Physical} and {Chemical} {Foundations} of {Process} {Engineering} {\textbar} {Selective} {Crystallization} {\textbar} {Continuous} crystallization},
	url = {http://www.mpi-magdeburg.mpg.de/1074076/continuous_crystallization1?page=2},
	urldate = {2015-06-15TZ}
}

@book{brown_organic_2009,
	address = {Belmont, CA},
	edition = {5th ed},
	title = {Organic chemistry},
	isbn = {9780495388579 0495388572},
	publisher = {Brooks/Cole Cengage Learning},
	editor = {Brown, William Henry},
	year = {2009},
	keywords = {Chemistry, Organic}
}

@book{bruice_fundamentos_2006,
	address = {México},
	title = {Fundamentos de química orgánica},
	isbn = {9789702610229},
	publisher = {Pearson Educación},
	author = {Bruice, Paula Yurkanis},
	year = {2006}
}

@misc{noauthor_como_nodate,
	title = {Cómo hacer más fácil la transición de {MS} {Office} a {LibreOffice}},
	url = {http://blog.desdelinux.net/como-hacer-mas-facil-la-transicion-de-ms-office-a-libreoffice/?utm_source=feedburner&utm_medium=feed&utm_campaign=Feed%3A+UsemosLinux+%28Usemos+Linux%29},
	urldate = {2015-05-27TZ}
}

@book{groutas_mecanismos_2002,
	address = {México},
	title = {Mecanismos de reacción en química orgánica},
	isbn = {9701032586 9789701032589},
	language = {Spanish},
	publisher = {McGraw-Hill Interamericana},
	author = {Groutas, William C and Navarro Pineda, Isabel and Doria Serrano, María del Carmen},
	year = {2002}
}

@misc{patrias_citing_nodate,
	title = {Citing {Medicine} - {NCBI} {Bookshelf}},
	url = {http://www.ncbi.nlm.nih.gov/books/NBK7256/},
	urldate = {2015-05-18TZ},
	author = {Patrias, Karen}
}

@misc{noauthor_por_nodate,
	title = {Por qué las escuelas deben usar exclusivamente software libre - {Proyecto} {GNU} - {Free} {Software} {Foundation}},
	url = {http://www.gnu.org/education/edu-schools.html},
	urldate = {2015-05-12TZ}
}

@article{freire_chemical_2014,
	title = {Chemical {Engineering} education and the new paradigm of open-source software},
	volume = {1},
	number = {2},
	journal = {Journal of Chemical Engineering Research Studies},
	author = {Freire, Filipe Gama},
	year = {2014},
	pages = {E2}
}

@article{noauthor_two_nodate,
	title = {Two ­phase reactor design. {Tank}   type   reactors.  {Schaftlein}, {R}.{W}. \& {Russell}, {T}.{W}.{F}. (1968). {Industrial} and {Engineering} {Chemistry}}
}

@inproceedings{willging_software_2008,
	address = {Santa Rosa, La Pampa, Argentina},
	title = {Software {Libre} para {Matemática}: {En} búsqueda de alternativas},
	volume = {2},
	isbn = {978-950-863-103-9},
	url = {http://repem.exactas.unlpam.edu.ar/cdrepem08/memorias/comunicaciones/Trabinvest/C17.pdf},
	abstract = {El software específico para matemática es uno de los recursos más poderosos que la
tecnología ha brindado a las ciencias matemáticas. Por medio de programas como MatLab, Mathematica, Cabri-Geometre, o S-Plus, las computadoras se convierten en aliados insuperables del docente, estudiante o investigador que trabaje en algún problema relacionado a la matemática. Pero estos programas de propietario son costosos y por lo tanto no siempre están al alcance de todos. En los últimos años, se ha visto un avance notable en el movimiento de software libre y código abierto, lo cual ha traído aparejado la aparición de programas similares a los antes mencionados, pero sin costo para el usuario. En este trabajo, se analiza software libre para matemática, como una alternativa a los productos comerciales.},
	language = {Spanish},
	publisher = {Editorial de la UNLPam},
	author = {Willging, Pedro A. and Astudillo, Gustavo J.},
	editor = {Ascheri, María Eva and Pizarro, Rubén Adrián and Ferreyra, Nora Claudia},
	year = {2008},
	pages = {135--144}
}

@article{soetaert_solving_2010,
	title = {Solving {Differential} {Equations} in {R}},
	volume = {2},
	issn = {2073-4859},
	url = {http://journal.r-project.org/archive/2010-2/RJournal_2010-2_Soetaert~et~al.pdf},
	abstract = {Although R is still predominantly applied for statistical analysis and graphical representation, it is rapidly becoming more suitable for mathematical computing. One of the fields where considerable progress has been made recently is the solution of differential equations.
Here we give a brief overview of differential equations that can now be solved by R.},
	language = {English},
	number = {2},
	journal = {The R Journal},
	author = {Soetaert, Karline and Petzoldt, Thomas and Setzer, R. Woodrow},
	month = dec,
	year = {2010},
	pages = {5--15}
}

@techreport{coman_comparative_2012,
	type = {Technical {Report}},
	title = {A {Comparative} {Evaluation} of {Matlab}, {Octave}, {FreeMat}, {Scilab}, {R}, and {IDL} on {Tara}},
	url = {http://userpages.umbc.edu/~gobbert/papers/ComanHPCF2012.pdf},
	abstract = {Matlab is the most popular commercial package for numerical computations in mathematics, statistics, the sciences, engineering, and other fields. IDL, a commercial package used for data analysis, along with the free numerical computational packages Octave, FreeMat, Scilab, and the statistical package R shares many of the same features as Matlab. They are available to download on the Linux, Windows, and Mac OS X operating systems. We investigate whether these packages are viable alternatives to Matlab for uses in research and teaching. We compare the results on the cluster tara in the UMBC High Performance Computing Facility with 86 nodes, each with two quad-core Intel Nehalem processors and 24 GB of memory. The tests focused on usability lead us to conclude that the package Octave is the most compatible with Matlab, since it uses the same syntax and has the native capability of running m-files. FreeMat, Scilab, R, and IDL were hampered by somewhat different syntax or function names and some missing functions. The tests focused on efficiency show that Matlab and Octave are fundamentally able to solve problems of the same size and with equivalent efficiency in absolute times, except in one test dealing with a very large problem. Also IDL performed equivalently in the case of iterative methods. FreeMat, Scilab, and R exhibit significant limitations on the problem size and the efficiency of the problems they can solve in our tests. The syntax of R and IDL are significantly different from that of Matlab, Octave, FreeMat, and Scilab. In summary, we conclude that Octave is the best viable alternative to Matlab because it was not only fully compatible (in terms of syntax) with Matlab in our tests, but it also performed very well.},
	number = {HPCF-2012-15},
	institution = {UMBC High Performance Computing Facility, University of Maryland, Baltimore County},
	author = {Coman, Ecaterina and Brewster, Matthew W. and Popuri, Sai K. and Raim, Andrew M. and Gobbert, Matthias K.},
	year = {2012}
}

@misc{noauthor_cromatografi-_nodate,
	title = {Cromatografía - {Wikipedia}, la enciclopedia libre},
	url = {http://es.wikipedia.org/wiki/Cromatograf%C3%ADa},
	urldate = {2015-03-04TZ}
}

@article{henriquez_fierro_elaboracion_2004,
	title = {Elaboración de un artículo científico de investigación},
	volume = {10},
	issn = {0717-9553},
	url = {http://www.scielo.cl/scielo.php?pid=S0717-95532004000100003&script=sci_arttext},
	doi = {http://dx.doi.org/10.4067/S0717-95532004000100003},
	abstract = {El artículo presenta la forma de redactar correctamente un artículo científico como reporte de una investigación, contempla cada una de las etapas que debe contener para su aprobación. Se sugiere la forma de redactar desde el título hasta la bibliografía, en un lenguaje comprensible y científico. Enfatiza en cómo deben ser presentados los resultados obtenidos para su mejor comprensión de la comunidad científica.},
	language = {es},
	number = {1},
	journal = {Ciencia y enfermería},
	author = {Henríquez Fierro, Elena and Zepeda Gonzalez, Maria Inés},
	month = jun,
	year = {2004},
	pages = {17--21}
}

@misc{richmond_salazar_algoritmo_2010,
	title = {{ALGORITMO} {SIMPLEX} para {TI}-89, {TI}-92, {TI}-92 {Plus}, {TI}-{Voyage} 200 {PLT}: con opción de solución paso por paso y método de las dos fases (simplex dual)},
	shorttitle = {Simplex paso a paso},
	url = {http://hdl.handle.net/10669/11195},
	author = {Richmond Salazar, Esteban},
	month = jan,
	year = {2010}
}

@misc{fundacion_de_software_libre_gnu.org_2014,
	title = {gnu.org},
	url = {https://gnu.org/philosophy/free-sw.es.html},
	urldate = {2014-09-24TZ},
	journal = {¿Qué es software libre?},
	author = {Fundación de Software Libre},
	month = aug,
	year = {2014}
}

@misc{noauthor_gnu.org_nodate,
	title = {gnu.org},
	url = {https://gnu.org/philosophy/free-sw.html},
	urldate = {2014-09-24TZ}
}

@article{soujanya_experimental_2010,
	title = {Experimental (vapour + liquid) equilibrium data of (methanol + water), (water + glycerol) and (methanol + glycerol) systems at atmospheric and sub-atmospheric pressures},
	volume = {42},
	issn = {0021-9614},
	url = {http://www.sciencedirect.com/science/article/pii/S0021961409002961},
	doi = {10.1016/j.jct.2009.11.020},
	abstract = {Experimental (vapour + liquid) equilibrium results for the binary systems, (methanol + water) at the local atmospheric pressure of 95.3 kPa and at sub-atmospheric pressures of (15.19, 29.38, 42.66, 56.03, and 67.38) kPa, (water + glycerol) system at pressures (14.19, 29.38, 41.54, 54.72, 63.84, and 95.3) kPa and the (methanol + glycerol) system at pressures (32.02 and 45.3) kPa were obtained over the entire composition range using a Sweitoslwasky-type ebulliometer. The relationship of the liquid composition (x1) as a function of temperature (T) was found to be well represented by the Wilson model. Computed vapour phase mole fractions, activity coefficients and the measured values along with optimum Wilson parameters are presented.},
	number = {5},
	journal = {The Journal of Chemical Thermodynamics},
	author = {Soujanya, J. and Satyavathi, B. and Vittal Prasad, T.E.},
	month = may,
	year = {2010},
	keywords = {(Vapour + liquid) equilibrium, Glycerol, Methanol, Water, Wilson model},
	pages = {621--624}
}

@article{coelho_vapor_2011,
	title = {({Vapor} + liquid) equilibrium for the binary systems \{water + glycerol\} and \{ethanol + glycerol, ethyl stearate, and ethyl palmitate\} at low pressures},
	volume = {43},
	issn = {0021-9614},
	url = {http://www.sciencedirect.com/science/article/pii/S0021961411002278},
	doi = {10.1016/j.jct.2011.06.016},
	abstract = {This work reports the experimental measurements \{(vapor + liquid) equilibrium\} for the systems \{water(1) + glycerol(2)\}, \{ethanol(1) + glycerol(2)\}, \{ethanol(1) + ethyl stearate(2)\}, and \{ethanol(1) + ethyl palmitate(2)\}. Boiling temperatures were measured using an Othmer-type ebulliometer over a pressure range of 14 kPa to 96 kPa. The experimental data were well correlated using the NRTL and UNIQUAC models. The performance of the UNIFAC-Dortmund model in relation to predicting the phase equilibrium of the systems was also studied.},
	number = {12},
	journal = {The Journal of Chemical Thermodynamics},
	author = {Coelho, Renata and dos Santos, Priscilla G. and Mafra, Marcos R. and Cardozo-Filho, Lucio and Corazza, Marcos L.},
	month = dec,
	year = {2011},
	keywords = {Biodiesel, Ethanol, Fatty acid ethyl esters, VLE},
	pages = {1870--1876}
}

@book{oneil_merck_2013,
	edition = {15},
	series = {Merck {Index}},
	title = {The {Merck} {Index}: {An} {Encyclopedia} of {Chemicals}, {Drugs}, and {Biologicals}},
	isbn = {978-1-84973-670-1},
	language = {en-GB},
	publisher = {Royal Society of Chemistry},
	editor = {O'Neil, Maryadele J.},
	collaborator = {{Royal Society of Chemistry}},
	year = {2013}
}

@book{mcmurry_quimica_2012,
	address = {México},
	edition = {8},
	title = {Química {Orgánica}},
	isbn = {978-607-481-789-8},
	language = {es-MX},
	publisher = {Cengage Learning},
	author = {McMurry, John},
	year = {2012}
}

@book{brown_introduccion_2004,
	address = {México},
	edition = {2},
	title = {Introducción a la {Química} {Orgánica}},
	isbn = {978-9702402084},
	language = {Español},
	publisher = {CECSA},
	author = {Brown, William H.},
	year = {2004}
}

@unpublished{richmond_salazar_guilaboratorio_2012,
	address = {San José, Costa Rica},
	title = {Guía de {Laboratorio} de {Química} {Orgánica} {I}},
	copyright = {Universidad de Iberoamérica},
	author = {Richmond Salazar, Esteban},
	year = {2012}
}

@book{coulson_fluid_1999,
	address = {Oxford},
	edition = {6},
	series = {Coulson \& {Richardson}’s {Chemical} {Engineering}},
	title = {Fluid {Flow}, {Heat} {Transfer} and {Mass} {Transfer}},
	volume = {1},
	isbn = {0750644443},
	abstract = {This book provides an account of the fundamentals of chemical engineering and constitutes the definitive work on the subject for academics and practitioners. Supported by numerous worked examples and problems, clear explanations of theory and practical applications are provided throughout. Thus, the text is designed for students as well as being comprehensive in coverage. This volume covers the three main transport processes of interest to chemical engineers; Momentum transfer (fluid flow), Heat transfer, Mass transfer and the relationships between them.},
	language = {en-US},
	publisher = {Butterworth-Heinemann},
	author = {Coulson, John Metcalfe and Richardson, John Francis and Backhurst, J. R. and Harker, J. H.},
	year = {1999},
	note = {ISBN 0750644443, 9780750644440}
}

@book{cussler_diffusion:_2009,
	address = {Cambridge},
	edition = {3},
	title = {Diffusion: {Mass} transfer in fluid systems},
	language = {en-US},
	publisher = {Cambridge University Press},
	author = {Cussler, E. L.},
	month = feb,
	year = {2009}
}

@article{dhaouadi_gasliquid_2008,
	title = {Gas–liquid mass transfer in bubble column reactor: {Analytical} solution and experimental confirmation},
	volume = {47},
	issn = {02552701},
	url = {http://linkinghub.elsevier.com/retrieve/pii/S0255270106002984},
	doi = {10.1016/j.cep.2006.11.009},
	abstract = {Gas–liquid mass transfer behavior in a bubble column is investigated. The used reactor is of 6 m height and has an internal diameter of 0.15 m. The classical ‘gassing out’ dynamic method is used to obtain the dissolved oxygen (DO) concentration profiles. An analytical description of the dissolved oxygen concentration evolution with time following the switch in the inlet gas is presented and allows the evaluation of the gas–liquid volumetric mass transfer coefficient for the different superficial gas velocities used. The comparison between the kL a values determined from this exact solution and those obtained in the same reactor from a more complete and sophisticated model, numerically solved, shows a good agreement. © 2006 Elsevier B.V. All rights reserved.},
	language = {en-US},
	number = {4},
	journal = {Chemical Engineering and Processing: Process Intensification},
	author = {Dhaouadi, H. and Poncin, S. and Hornut, J.M. and Midoux, N.},
	month = apr,
	year = {2008},
	keywords = {analytical solution, bubble column, mass transfer},
	pages = {548--556}
}

@article{dudley_mass_1995,
	title = {Mass transfer in bubble columns: a comparison of correlations},
	volume = {29},
	url = {http://www.sciencedirect.com/science/article/pii/0043135494002534},
	abstract = {Several correlations were evaluated for predicting the gas hold-up and oxygen mass transfer coefficient in bubble columns. A recent hold-up correlation was greatly superior to the others used in this study. Only one of the mass transfer coefficient correlations included the effect of the sparger area in relationship to the total surface area, yet it was found that this relationship did have a significant effect on the measured mass transfer coefficients. Most of the mass-transfer correlations therefore required a correction factor. As with gas hold-up it was a recent correlation, based in part on theoretical principles, that gave the best results. This study also developed a new correlation for the depression to be expected from detergents on the mass transfer coefficient.},
	language = {en-US},
	number = {4},
	journal = {Water Research},
	author = {Dudley, J.},
	year = {1995},
	keywords = {alpha-factor, hold-up, kea, mass-transfer, –bubble column},
	pages = {1129--1138}
}

@book{efron_mundo_1969,
	address = {Argentina},
	title = {El mundo de la luz},
	language = {es-ES},
	publisher = {Ediciones Técnicas Marcombo},
	author = {Efron, A.},
	year = {1969}
}

@book{foust_principles_1980,
	address = {New York},
	edition = {2},
	title = {Principles of unit operations},
	language = {en-US},
	publisher = {John Wiley \& Sons, Ltd},
	author = {Foust, Alan Shivers and Wenrel, Leonard A. and Clump, Curtis W. and Maus, Louis and Andersen, L. Bryce},
	year = {1980}
}

@book{foust_principios_1987,
	address = {México},
	edition = {1},
	title = {Principios de operaciones unitarias},
	language = {es-ES},
	publisher = {CECSA},
	author = {Foust, Alan Shivers and Wenrel, Leonard A. and Clump, Curtis W. and Maus, Louis and Andersen, L. Bryce},
	year = {1987},
	note = {Trad. F. Torres}
}

@book{garcia_fotometri_2000,
	title = {Fotometría},
	url = {http://edison.upc.es/curs/llum/},
	language = {es-ES},
	author = {García, J.},
	year = {2000}
}

@book{geankoplis_procesos_1998,
	address = {México},
	edition = {3},
	title = {Procesos de transporte y operaciones unitarias},
	language = {es-ES},
	publisher = {CECSA},
	author = {Geankoplis, Christie J.},
	year = {1998},
	note = {ISBN: 9682613167, 9789682613166}
}

@book{geankoplis_procesos_2006,
	address = {México},
	edition = {4},
	title = {Procesos de transporte y principios de procesos de separación: {Incluye} operaciones unitarias},
	language = {es-ES},
	publisher = {Patria},
	author = {Geankoplis, Christie J.},
	year = {2006},
	note = {Trad. M. T. Aguilar}
}

@book{green_perrys_2008,
	address = {New York},
	edition = {8},
	title = {Perry's {Chemical} {Engineers}' {Handbook}},
	abstract = {The definitive reference for more than half a century,—updated for the first time in more than a decade. Since 1934, Perry's Chemical Engineer's Handbook has delivered unrivaled, state-of-the-art coverage of all aspects of chemical engineering—from the fundamentals to details on computer applications and control. Featuring 2,700 pages and 1900 illustrations, the eighth edition is a comprehensive source for the newest developments, advances, achievements, and methods in the field.},
	language = {en-US},
	publisher = {McGraw-Hill},
	editor = {Green, Don W. and Perry, Robert H.},
	year = {2008},
	note = {ISBN: 9780071422949}
}

@book{henley_operaciones_2000,
	address = {Barcelona},
	title = {Operaciones de separación por etapas de equilibrio en ingeniería química},
	abstract = {Equilibrium-Stage Separation Operations in Chemical Engineering Libro que pretende dar a conocer los principales sistemas de cálculo para resolver el procedimiento de diseño de operaciones de separación. Esta materia ha cambiado mucho en los últimos diez años, ya que en la actualidad con el software disponible en el mercado, la simulación de procesos se puede resolver con programas como: Concept, Design 2000, Flowtran, GPS.II y Process, pero no revelan los algoritmos y cálculos téoricos, sino que son unicamente una herramienta.},
	language = {es-ES},
	publisher = {Reverté},
	author = {Henley, Ernest J. and Seader, J. D.},
	year = {2000},
	note = {Trad. Fidel Mato Vázquez, Rafael Bartolomé Mato Chaín}
}

@book{hines_transferencia_1987,
	address = {México},
	title = {Transferencia de masa: fundamentos y aplicaciones},
	language = {es-ES},
	publisher = {Prentice Hall Hispanoamericana, S.A.},
	author = {Hines, Anthony L. and Maddox, Robert Nott},
	year = {1987},
	note = {Trad. José Luis Rodríguez Herrera}
}

@incollection{hochfeld_fermenters_2006,
	title = {Fermenters},
	isbn = {978-1-4200-2131-8},
	url = {http://www.crcnetbase.com/doi/pdfplus/10.1201/9781420021318.ch8},
	language = {en-US},
	booktitle = {Producing {Biomolecular} {Substances} with {Fermenters}, {Bioreactors}, and {Biomolecular} {Synthesizers}},
	publisher = {CRC Press},
	author = {Hochfeld, William L.},
	year = {2006},
	pages = {121--200}
}

@article{holman_fluid_2010,
	series = {Dover classics of science and mathematics},
	title = {Fluid {Mechanics} {S}1.2},
	volume = {6},
	url = {http://usir.salford.ac.uk/11974/},
	abstract = {Dental thermal pain is a significant health problem in daily life and dentistry. There is a long-standing question regarding the phenomenon that cold stimulation evokes sharper and more shooting pain sensations than hot stimulation. This phenomenon, however, outlives the well-known hydrodynamic theory used to explain dental thermal pain mechanism. Here, we present a mathematical model based on the hypothesis that hot or cold stimulation-induced different directions of dentinal fluid flow and the corresponding odontoblast movements in dentinal microtubules contribute to different dental pain responses. We coupled a computational fluid dynamics model, describing the fluid mechanics in dentinal microtubules, with a modified Hodgkin-Huxley model, describing the discharge behavior of intradental neuron. The simulated results agreed well with existing experimental measurements. We thence demonstrated theoretically that intradental mechano-sensitive nociceptors are not "equally sensitive" to inward (into the pulp) and outward (away from the pulp) fluid flows, providing mechanistic insights into the difference between hot and cold dental pain. The model developed here could enable better diagnosis in endodontics which requires an understanding of pulpal histology, neurology and physiology, as well as their dynamic response to the thermal stimulation used in dental practices.},
	language = {en-US},
	number = {3},
	journal = {Refrigeration And Air Conditioning},
	author = {Holman, Jack P and Lloyd, John},
	editor = {Holman, Jack P and Lloyd, John},
	year = {2010},
	pages = {e18068}
}

@incollection{hughes_mass_2006,
	series = {Food {Science} and {Technology}},
	title = {Mass {Transfer}: {Membrane} {Processes}},
	volume = {20065751},
	isbn = {978-0-8247-2671-3},
	url = {http://www.crcnetbase.com/doi/book/10.1201/9781420015072},
	language = {en-US},
	booktitle = {Handbook of food and bioprocess modeling thecniques},
	publisher = {CRC Press},
	author = {Hughes, David and Taha, Taha and Cui, Zhanfeng},
	editor = {Sablani, Shyam and Datta, Ashim and Shafiur Rehman, M and Mujumdar, Arun},
	month = dec,
	year = {2006},
	pages = {145--178}
}

@book{incropera_fundamentals_2007,
	series = {Dekker {Mechanical} {Engineering}},
	title = {Fundamentals of {Heat} and {Mass} {Transfer}},
	volume = {6th},
	isbn = {9780471457282},
	url = {http://www.osti.gov/energycitations/product.biblio.jsp?osti_id=6008324},
	abstract = {This bestselling book in the field provides a complete introduction to the physical origins of heat and mass transfer. Noted for its crystal clear presentation and easy-to-follow problem solving methodology, Incropera and Dewitt's systematic approach to the first law develops reader confidence in using this essential tool for thermal analysis. Readers will learn the meaning of the terminology and physical principles of heat transfer as well as how to use requisite inputs for computing heat transfer rates and/or material temperatures.},
	language = {en-US},
	publisher = {John Wiley \& Sons},
	author = {Incropera, Frank P and DeWitt, David P and Bergman, Theodore L and Lavine, Adrienne S},
	editor = {Incropera, Frank P and Incropera, Frank P Fundamentals Of Heat and Transfer, Mass},
	year = {2007}
}

@incollection{khoury_membrane_2005,
	address = {Boca Raton},
	edition = {3},
	title = {Membrane separation operations},
	language = {en-US},
	booktitle = {Multistage separation processes},
	publisher = {CRC Press INC},
	author = {Khoury, Fouad M.},
	year = {2005}
}

@book{khoury_multistage_2005,
	address = {Boca Raton},
	edition = {3},
	title = {Multistage separation processes},
	language = {en-US},
	publisher = {CRC Press INC},
	author = {Khoury, Fouad M.},
	year = {2005}
}

@book{landau_fluid_1987,
	series = {Course of {Theoretical} {Physics}},
	title = {Fluid {Mechanics}},
	volume = {6},
	isbn = {0080339336},
	url = {http://www.springerlink.com/index/10.1007/b138775},
	abstract = {Mjog god kennslubok. Agaet fyrir byrjendur sem og lengra komna},
	language = {en-US},
	number = {1},
	publisher = {Pergamon Press},
	author = {Landau, L D and Lifshitz, E M},
	editor = {McGraw-Hill},
	year = {1987}
}

@article{lienhard_heat_2010,
	series = {{McGraw}-{Hill} {Higher} {Education}},
	title = {Heat {Transfer}},
	volume = {82},
	issn = {15502376},
	url = {http://www.ncbi.nlm.nih.gov/pubmed/21128847},
	doi = {10.1115/1.3246887},
	abstract = {The present paper deals with the two-dimensional numerical simulation of gaseous flow and heat transfer in planar microchannel and nanochannel with different wall temperatures in transitional regime 0.1Kn1 . An atomistic molecular simulation method is used known as thermal lattice-Boltzmann method. The results of simulation are presented in four cases corresponding to the Fourier flow, shear-driven flow (Couette flow), pressure-driven flow (Poiseuille flow), and mixed shear-pressure-driven flow in the developing and fully developed regions. The mixed shear-pressure-driven flow is divided into two subcases with shear stress and pressure gradient acting in the same and the opposite directions. Normalized temperature and velocity profiles across the channel, distribution of local wall Nusselt number, and friction coefficient are illustrated. Using this method, nonlinear pressure distribution in the streamwise direction, reduction in mass flow rate, C(f)Re, and Nu by increasing the Knudsen number are studied. It is seen that for Couette flow, Nu over the hotter plate is greater than the cooler plate, but for the pressure-driven flow with stationary wall temperature dependency of viscosity and thermal conductivity causes this trend to be reversed. The reversed flow appearance in the velocity profile is captured in the case of opposite shear-pressure-driven flow.},
	language = {en-US},
	number = {1},
	journal = {Journal of Heat Transfer},
	author = {Lienhard, J H},
	editor = {Lienhard, J H IV and Lienhard, J H V},
	year = {2010},
	pages = {198}
}

@book{lienhard_heat_2012,
	address = {Massachussets},
	edition = {4},
	title = {A heat transfer textbook},
	url = {http://web.mit.edu/lienhard/www/ahtt.html},
	language = {en-US},
	publisher = {Phlogiston Press},
	author = {Lienhard, John H. and Lienhard, John H.},
	month = jun,
	year = {2012},
	note = {John H. Lienhard IV and John H. Lienhard V}
}

@book{marcilla-gomis_introduccion_1998,
	address = {Murcia, España},
	edition = {Edición electrónica},
	title = {Introducción a las operaciones de separación: {Cálculo} por etapas de equilibrio},
	language = {es-ES},
	publisher = {Publicaciones Universidad de Alicante},
	author = {Marcilla-Gomis, A.},
	year = {1998}
}

@book{marcilla-gomis_introduccion_1999,
	address = {Murcia, España},
	edition = {Edición electrónica},
	title = {Introducción a las operaciones de separación: {Contacto} continuo},
	language = {es-ES},
	publisher = {Publicaciones Universidad de Alicante},
	author = {Marcilla-Gomis, A.},
	year = {1999}
}

@book{martinez_operaciones_2004,
	address = {Madrid},
	title = {Operaciones de separación en ingeniería química: {Métodos} de cálculo},
	language = {es-ES},
	publisher = {Pearson Educación},
	author = {Martínez, P. J. and Rus-Martínez, E.},
	year = {2004}
}

@book{mccabe_operaciones_2002,
	address = {México},
	edition = {6},
	title = {Operaciones unitarias en ingeniería química},
	language = {es-ES},
	publisher = {McGraw-Hill/Interamericana},
	author = {McCabe, Warren L. and Smith, Julian C. and Harriot, Peeter},
	translator = {Lanto, M. A.},
	year = {2002},
	note = {Trabajo original publicado en 2001}
}

@book{mccabe_operaciones_2007,
	address = {México},
	edition = {7},
	title = {Operaciones unitarias en ingeniería química},
	language = {es-ES},
	publisher = {McGraw-Hill/Interamericana},
	author = {McCabe, Warren L. and Smith, Julian C. and Harriot, Peter},
	translator = {Piombo, A. C.},
	year = {2007},
	note = {Trabajo original publicado en 2005}
}

@book{richardson_particle_2002,
	address = {Oxford},
	edition = {5th},
	series = {Coulson and {Richardson}’s {Chemical} {Engineering}},
	title = {Particle {Technology} and {Separation} {Processes}},
	volume = {2},
	isbn = {9780080490649},
	url = {https://drive.google.com/folderview?id=0B4-ZPg82nOs1clRXclJuYklFODA&usp=sharing},
	language = {en-US},
	publisher = {Butterworth-Heinemann},
	author = {Richardson, J. F. and Harker, J. H. and Backhurst, J. R.},
	year = {2002}
}

@book{seader_separation_2006,
	address = {New Jersey},
	edition = {2},
	title = {Separation process principles},
	isbn = {978-0-471-46480-8},
	language = {en-US},
	publisher = {John Wiley \& Sons, Inc.},
	author = {Seader, J. D. and Henley, Ernest J.},
	year = {2006}
}

@book{standards_verification_2011,
	title = {Verification {Methods} for {Alternative} {Thermometers}},
	url = {http://www.nist.gov/pml/mercury_validation.cfm},
	language = {en-US},
	urldate = {2013-10-28},
	author = {Standards, The National Institute of and (NIST), Technology},
	year = {2011}
}

@book{brown_operaciones_1965,
	address = {Barcelona, España},
	title = {Operaciones básicas de la ingeniería química},
	language = {es-ES},
	publisher = {Marín},
	author = {Brown, George Granger},
	year = {1965},
	note = {Trad. F. Calvet et al.}
}

@incollection{billet_types_1995,
	address = {Weinheim},
	title = {Types of packing},
	isbn = {3-527-28616- 0},
	language = {en-US},
	booktitle = {Packed {Towers}: {In} {Processing} and {Environmental} {Technology}},
	publisher = {VCH Verlagsgesellschaft mbH},
	author = {Billet, Reinhard},
	translator = {Fullarton, James W.},
	year = {1995},
	pages = {23--30}
}

@book{bansal_activated_2005,
	address = {Boca Raton, Florida},
	title = {Activated carbon adsorption},
	url = {http://nashaucheba.ru/v25515/?download=1},
	language = {en-US},
	publisher = {Taylor \& Francis Group, LLC},
	author = {Bansal, Roop Chand and Goyal, Meenakshi},
	year = {2005}
}

@book{baker_membrane_2004,
	address = {Chichester, UK},
	edition = {2},
	title = {Membrane technology and applications},
	url = {http://dx.doi.org/10.1002/0470020393.fmatter},
	abstract = {This A to Z guide to membrane science, technology, and applications provides comprehensive coverage of membrane preparation, modules, and transport theory. Highly illustrated with comprehensive and current reference listings, the resource provides practical uses and how-to's for a broad range of application areas. * Single author work presenting a unified treatment * Comprehensive coverage of membrane preparation, modules and transport theory * A 'how-to' book giving practical advice * Highly illustrated with comprehensive and current reference listings},
	language = {en-US},
	publisher = {John Wiley \& Sons, Ltd},
	author = {Baker, Richard W.},
	month = mar,
	year = {2004},
	note = {Print ISBN: 9780470854457 Online ISBN: 9780470020395}
}

@book{awwa_water_2004,
	address = {New York},
	edition = {4},
	series = {{McGraw}-{Hill} {Handbooks}},
	title = {Water treatment plant design},
	abstract = {The industry standard reference for water treatment plant design and modernization has been updated to include hot topics such as security and design, vulnerability assessments, and planning against vandalism and sabotage, as well as the latest information on codes, regulations, and water quality standards. * Latest code updates and new water quality standards * Design operation and analysis of treatment facilities},
	language = {en-US},
	publisher = {McGraw-Hill},
	author = {AWWA and ASCE},
	editor = {Baruth, E. E.},
	month = sep,
	year = {2004}
}

@book{asano_mass_2006,
	address = {Weinheim, Alemania},
	title = {Mass transfer: {From} fundamentals to modern industrial applications},
	abstract = {This didactic approach to the principles and modeling of mass transfer as it is needed in modern industrial processes is unique in combining a step-by-step introduction to all important fundamentals with the most recent applications. Based upon the renowned author's successful new modeling method as used for the O-18 process, the exemplary exercises included in the text are fact-proven, taken directly from existing chemical plants. Fascinating reading for chemists, graduate students, chemical and process engineers, as well as thermodynamics physicists.},
	language = {en-US},
	publisher = {Wiley-VCH Verlag GmbH},
	author = {Asano, Koichi},
	month = oct,
	year = {2006},
	note = {ISBN: 978-3-527-31460-7}
}

@book{nunez_termometros_2008,
	title = {Termómetros de {Mercurio}},
	url = {www.cenunez.com.ar},
	language = {es-ES},
	author = {Núñez, Carlos Eduardo},
	year = {2008}
}

@article{lomax_fundamentals_2002,
	series = {Scientific {Computation}},
	title = {Fundamentals of {Computational} {Fluid} {Dynamics}},
	volume = {55},
	issn = {00036900},
	url = {http://link.aip.org/link/AMREAD/v55/i4/pB61/s1&Agg=doi},
	doi = {10.1115/1.1483340},
	abstract = {To evaluate the area of the midbrain and pons on mid-sagittal MRI in patients with progressive supranuclear palsy (PSP), Parkinson disease (PD), and multiple-system atrophy of the Parkinson type (MSA-P), compare these appearances and values with those of normal control subjects, and establish diagnostic MRI criteria for the diagnosis of PSP.},
	language = {en-US},
	number = {4},
	journal = {Applied Mechanics Reviews},
	author = {Lomax, H and Pulliam, Th and Zingg, Dw and Kowalewski, Ta},
	year = {2002},
	pages = {B61}
}

@book{niebel_ingenieriindustrial:_2001,
	address = {México},
	edition = {10},
	title = {Ingeniería {Industrial}: métodos, estándares y diseño del trabajo},
	language = {es-ES},
	publisher = {Alfaomega},
	author = {Niebel, B. and Freivalds, A.},
	year = {2001}
}

@book{seader_separation_2011,
	address = {New Jersey},
	edition = {3},
	title = {Separation process principles: chemical and biochemical operations},
	isbn = {978-0-470-48183-7},
	language = {en-US},
	publisher = {John Wiley \& Sons, Inc.},
	author = {Seader, J. D. and Henley, Ernest J. and Roper, D. Keith},
	year = {2011}
}

@book{treybal_operaciones_1980,
	address = {México},
	edition = {2},
	title = {Operaciones de transferencia de masa},
	isbn = {968-6046-34-8},
	language = {es-ES},
	publisher = {McGraw-Hill/Interamericana},
	author = {Treybal, Robert E.},
	translator = {García Rodríguez, Amelia},
	year = {1980},
	note = {Trabajo original publicado en 1980}
}